{
  "results": [
    {
      "potentialPromotions": [
        {
          "threshold": null,
          "applied": false,
          "campaignType": "LOYALTY",
          "lowestHistoricalPrice": {
            "currencyIso": "SEK",
            "value": 49.9,
            "priceType": "BUY",
            "formattedValue": "49,90 kr",
            "minQuantity": null,
            "maxQuantity": null
          },
          "promotionTheme": { "code": "Z020", "visible": null },
          "textLabelGenerated": "",
          "textLabelManual": null,
          "price": {
            "currencyIso": "SEK",
            "value": 39.9,
            "priceType": "BUY",
            "formattedValue": "39,90 kr",
            "minQuantity": null,
            "maxQuantity": null
          },
          "productCodes": ["101262973_ST"],
          "promotionType": "MixMatchPricePromotion",
          "conditionLabel": "Spara 10,00 kr/st",
          "rewardLabel": "39,90/st",
          "textLabel": "",
          "redeemLimitLabel": "Max 3 köp",
          "cartLabel": null,
          "validUntil": null,
          "timesUsed": null,
          "qualifyingCount": 1,
          "splashTitleText": "",
          "realMixAndMatch": false,
          "mainProductCode": "101262973_ST",
          "comparePrice": "79,80 kr",
          "promotionPercentage": null,
          "cartLabelFormatted": "",
          "conditionLabelFormatted": "",
          "promotionRedeemLimit": null,
          "priority": 608,
          "code": "2500161745"
        }
      ],
      "priceValue": 49.9,
      "price": "49,90 kr",
      "image": {
        "imageType": "PRIMARY",
        "format": "product",
        "url": "https://assets.axfood.se/image/upload/f_auto,t_200/07340083455858_C1L1_s01",
        "altText": null,
        "galleryIndex": null,
        "width": null
      },
      "ranking": 200.8997247829,
      "depositPrice": "",
      "averageWeight": null,
      "comparePrice": "99,80 kr",
      "comparePriceUnit": "kg",
      "isDrugProduct": false,
      "solrSearchScore": 1.0,
      "energyDeclaration": null,
      "newsSplashProduct": false,
      "notAllowedB2b": false,
      "notAllowedAnonymous": false,
      "productLine2": "GARANT, 500g",
      "pickupProductLine2": "GARANT, 500g",
      "priceUnit": "kr/st",
      "priceNoUnit": "49,90",
      "savingsAmount": 10.0,
      "googleAnalyticsCategory": "",
      "gdprTrackingIncompliant": false,
      "showGoodPriceIcon": false,
      "nicotineMedicalProduct": false,
      "tobaccoFreeNicotineProduct": false,
      "nonEkoProduct": false,
      "tobaccoProduct": false,
      "labels": ["swedish_flag", "swedish_bird", "keyhole"],
      "seoDescription": "",
      "seoTitle": "",
      "manufacturer": "Garant",
      "incrementValue": 1.0,
      "productBasketType": { "code": "ST", "type": "ProductBasketTypeEnum" },
      "bargainProduct": false,
      "addToCartMessage": "",
      "thumbnail": {
        "imageType": "PRIMARY",
        "format": "thumbnail",
        "url": "https://assets.axfood.se/image/upload/f_auto,t_100/07340083455858_C1L1_s01",
        "altText": null,
        "galleryIndex": null,
        "width": null
      },
      "outOfStock": false,
      "online": true,
      "displayVolume": "500g",
      "addToCartDisabled": false,
      "name": "Kycklingfärs Naturell",
      "code": "101262973_ST"
    },
    {
      "potentialPromotions": [
        {
          "threshold": null,
          "applied": false,
          "campaignType": "LOYALTY",
          "lowestHistoricalPrice": {
            "currencyIso": "SEK",
            "value": 49.9,
            "priceType": "BUY",
            "formattedValue": "49,90 kr",
            "minQuantity": null,
            "maxQuantity": null
          },
          "promotionTheme": { "code": "Z020", "visible": null },
          "textLabelGenerated": "",
          "textLabelManual": null,
          "price": {
            "currencyIso": "SEK",
            "value": 39.9,
            "priceType": "BUY",
            "formattedValue": "39,90 kr",
            "minQuantity": null,
            "maxQuantity": null
          },
          "productCodes": ["101345637_ST"],
          "promotionType": "MixMatchPricePromotion",
          "conditionLabel": "Spara 10,00 kr/st",
          "rewardLabel": "39,90/st",
          "textLabel": "",
          "redeemLimitLabel": "Max 3 köp",
          "cartLabel": null,
          "validUntil": null,
          "timesUsed": null,
          "qualifyingCount": 1,
          "splashTitleText": "",
          "realMixAndMatch": false,
          "mainProductCode": "101345637_ST",
          "comparePrice": "88,67 kr",
          "promotionPercentage": null,
          "cartLabelFormatted": "",
          "conditionLabelFormatted": "",
          "promotionRedeemLimit": null,
          "priority": 608,
          "code": "2500157004"
        }
      ],
      "priceValue": 49.9,
      "price": "49,90 kr",
      "image": {
        "imageType": "PRIMARY",
        "format": "product",
        "url": "https://assets.axfood.se/image/upload/f_auto,t_200/07340083490941_C1N1_s03",
        "altText": null,
        "galleryIndex": null,
        "width": null
      },
      "ranking": 200.59979511058,
      "depositPrice": "",
      "averageWeight": null,
      "comparePrice": "110,89 kr",
      "comparePriceUnit": "kg",
      "isDrugProduct": false,
      "solrSearchScore": 1.0,
      "energyDeclaration": null,
      "newsSplashProduct": false,
      "notAllowedB2b": false,
      "notAllowedAnonymous": false,
      "productLine2": "GARANT, 450g",
      "pickupProductLine2": "GARANT, 450g",
      "priceUnit": "kr/st",
      "priceNoUnit": "49,90",
      "savingsAmount": 10.0,
      "googleAnalyticsCategory": "",
      "gdprTrackingIncompliant": false,
      "showGoodPriceIcon": false,
      "nicotineMedicalProduct": false,
      "tobaccoFreeNicotineProduct": false,
      "nonEkoProduct": false,
      "tobaccoProduct": false,
      "labels": ["swedish_flag", "meat_from_sweden"],
      "seoDescription": "",
      "seoTitle": "",
      "manufacturer": "Garant",
      "incrementValue": 1.0,
      "productBasketType": { "code": "ST", "type": "ProductBasketTypeEnum" },
      "bargainProduct": false,
      "addToCartMessage": "",
      "thumbnail": {
        "imageType": "PRIMARY",
        "format": "thumbnail",
        "url": "https://assets.axfood.se/image/upload/f_auto,t_100/07340083490941_C1N1_s03",
        "altText": null,
        "galleryIndex": null,
        "width": null
      },
      "outOfStock": false,
      "online": true,
      "displayVolume": "450g",
      "addToCartDisabled": false,
      "name": "Köttbullar Delikatess",
      "code": "101345637_ST"
    },
    {
      "potentialPromotions": [
        {
          "threshold": 0.0,
          "applied": false,
          "campaignType": "GENERAL",
          "lowestHistoricalPrice": {
            "currencyIso": "SEK",
            "value": 99.9,
            "priceType": "BUY",
            "formattedValue": "99,90 kr/kg",
            "minQuantity": null,
            "maxQuantity": null
          },
          "promotionTheme": { "code": "Z001", "visible": null },
          "textLabelGenerated": "",
          "textLabelManual": null,
          "price": {
            "currencyIso": "SEK",
            "value": 79.9,
            "priceType": "BUY",
            "formattedValue": "79,90 kr/kg",
            "minQuantity": null,
            "maxQuantity": null
          },
          "productCodes": null,
          "promotionType": "SubtotalOrderPromotion",
          "conditionLabel": "Spara 20,00 kr/kg",
          "rewardLabel": "79,90/kg",
          "textLabel": "",
          "redeemLimitLabel": "Max 3 köp",
          "cartLabel": null,
          "validUntil": null,
          "timesUsed": null,
          "qualifyingCount": null,
          "splashTitleText": "Kampanj",
          "realMixAndMatch": false,
          "mainProductCode": "101269618_KG",
          "comparePrice": "79,90 kr/kg",
          "promotionPercentage": null,
          "cartLabelFormatted": "",
          "conditionLabelFormatted": "",
          "promotionRedeemLimit": null,
          "priority": 409,
          "code": "2500161749"
        }
      ],
      "priceValue": 99.9,
      "price": "99,90 kr/kg",
      "image": {
        "imageType": "PRIMARY",
        "format": "product",
        "url": "https://assets.axfood.se/image/upload/f_auto,t_200/02332818400009_C1N1_s04",
        "altText": null,
        "galleryIndex": null,
        "width": null
      },
      "ranking": 120.8989932277,
      "depositPrice": "",
      "averageWeight": 0.9,
      "comparePrice": "99,90 kr",
      "comparePriceUnit": "kg",
      "isDrugProduct": false,
      "solrSearchScore": 1.0,
      "energyDeclaration": null,
      "newsSplashProduct": false,
      "notAllowedB2b": false,
      "notAllowedAnonymous": false,
      "productLine2": "KRONFÅGEL, ca: 900g",
      "pickupProductLine2": "KRONFÅGEL, ca: 900g",
      "priceUnit": "kr/kg",
      "priceNoUnit": "99,90",
      "savingsAmount": 20.0,
      "googleAnalyticsCategory": "",
      "gdprTrackingIncompliant": false,
      "showGoodPriceIcon": false,
      "nicotineMedicalProduct": false,
      "tobaccoFreeNicotineProduct": false,
      "nonEkoProduct": false,
      "tobaccoProduct": false,
      "labels": ["swedish_flag", "swedish_bird"],
      "seoDescription": "",
      "seoTitle": "",
      "manufacturer": "Kronfågel",
      "incrementValue": 1.0,
      "productBasketType": { "code": "ST", "type": "ProductBasketTypeEnum" },
      "bargainProduct": false,
      "addToCartMessage": "",
      "thumbnail": {
        "imageType": "PRIMARY",
        "format": "thumbnail",
        "url": "https://assets.axfood.se/image/upload/f_auto,t_100/02332818400009_C1N1_s04",
        "altText": null,
        "galleryIndex": null,
        "width": null
      },
      "outOfStock": false,
      "online": true,
      "displayVolume": "ca: 900g",
      "addToCartDisabled": false,
      "name": "Kycklingsteak",
      "code": "101269618_KG"
    },
    {
      "potentialPromotions": [
        {
          "threshold": null,
          "applied": false,
          "campaignType": "GENERAL",
          "lowestHistoricalPrice": {
            "currencyIso": "SEK",
            "value": 52.9,
            "priceType": "BUY",
            "formattedValue": "52,90 kr",
            "minQuantity": null,
            "maxQuantity": null
          },
          "promotionTheme": { "code": "Z001", "visible": null },
          "textLabelGenerated": "",
          "textLabelManual": null,
          "price": {
            "currencyIso": "SEK",
            "value": 44.9,
            "priceType": "BUY",
            "formattedValue": "44,90 kr",
            "minQuantity": null,
            "maxQuantity": null
          },
          "productCodes": ["101359419_ST"],
          "promotionType": "MixMatchPricePromotion",
          "conditionLabel": "Spara 8,00 kr/st",
          "rewardLabel": "44,90/st",
          "textLabel": "",
          "redeemLimitLabel": "Max 3 köp",
          "cartLabel": null,
          "validUntil": null,
          "timesUsed": null,
          "qualifyingCount": 1,
          "splashTitleText": "Kampanj",
          "realMixAndMatch": false,
          "mainProductCode": "100942660_ST",
          "comparePrice": "99,34 kr",
          "promotionPercentage": null,
          "cartLabelFormatted": "",
          "conditionLabelFormatted": "",
          "promotionRedeemLimit": null,
          "priority": 408,
          "code": "2500161765"
        }
      ],
      "priceValue": 52.9,
      "price": "52,90 kr",
      "image": {
        "imageType": "PRIMARY",
        "format": "product",
        "url": "https://assets.axfood.se/image/upload/f_auto,t_200/07340083494796_C1L1_s02",
        "altText": null,
        "galleryIndex": null,
        "width": null
      },
      "ranking": 120.89899310002,
      "depositPrice": "",
      "averageWeight": null,
      "comparePrice": "117,04 kr",
      "comparePriceUnit": "kg",
      "isDrugProduct": false,
      "solrSearchScore": 1.0,
      "energyDeclaration": null,
      "newsSplashProduct": false,
      "notAllowedB2b": false,
      "notAllowedAnonymous": false,
      "productLine2": "GARANT, 452g",
      "pickupProductLine2": "GARANT, 452g",
      "priceUnit": "kr/st",
      "priceNoUnit": "52,90",
      "savingsAmount": 8.0,
      "googleAnalyticsCategory": "",
      "gdprTrackingIncompliant": false,
      "showGoodPriceIcon": false,
      "nicotineMedicalProduct": false,
      "tobaccoFreeNicotineProduct": false,
      "nonEkoProduct": false,
      "tobaccoProduct": false,
      "labels": ["swedish_flag", "meat_from_sweden"],
      "seoDescription": "",
      "seoTitle": "",
      "manufacturer": "Garant",
      "incrementValue": 1.0,
      "productBasketType": { "code": "ST", "type": "ProductBasketTypeEnum" },
      "bargainProduct": false,
      "addToCartMessage": "",
      "thumbnail": {
        "imageType": "PRIMARY",
        "format": "thumbnail",
        "url": "https://assets.axfood.se/image/upload/f_auto,t_100/07340083494796_C1L1_s02",
        "altText": null,
        "galleryIndex": null,
        "width": null
      },
      "outOfStock": false,
      "online": true,
      "displayVolume": "452g",
      "addToCartDisabled": false,
      "name": "Hamburgare Tex Mex",
      "code": "101359419_ST"
    },
    {
      "potentialPromotions": [
        {
          "threshold": null,
          "applied": false,
          "campaignType": "GENERAL",
          "lowestHistoricalPrice": null,
          "promotionTheme": { "code": "Z062", "visible": null },
          "textLabelGenerated": "",
          "textLabelManual": null,
          "price": {
            "currencyIso": "SEK",
            "value": 33.0,
            "priceType": "BUY",
            "formattedValue": "33,00 kr",
            "minQuantity": null,
            "maxQuantity": null
          },
          "productCodes": [
            "100630621_ST",
            "100619298_ST",
            "100630658_ST",
            "101288581_ST",
            "100370518_ST",
            "100970013_ST",
            "101288535_ST",
            "101350371_ST"
          ],
          "promotionType": "MixMatchPricePromotion",
          "conditionLabel": "Välj & blanda! 3 för",
          "rewardLabel": "99,00",
          "textLabel": "",
          "redeemLimitLabel": "",
          "cartLabel": null,
          "validUntil": null,
          "timesUsed": null,
          "qualifyingCount": 3,
          "splashTitleText": "",
          "realMixAndMatch": true,
          "mainProductCode": "100630621_ST",
          "comparePrice": "94,28 kr",
          "promotionPercentage": null,
          "cartLabelFormatted": "",
          "conditionLabelFormatted": "3 för",
          "promotionRedeemLimit": null,
          "priority": 408,
          "code": "2500154527"
        }
      ],
      "priceValue": 37.9,
      "price": "37,90 kr",
      "image": {
        "imageType": "PRIMARY",
        "format": "product",
        "url": "https://assets.axfood.se/image/upload/f_auto,t_200/07313940580055_C1C1_s03",
        "altText": null,
        "galleryIndex": null,
        "width": null
      },
      "ranking": 120.89699523154,
      "depositPrice": "",
      "averageWeight": null,
      "comparePrice": "108,28 kr",
      "comparePriceUnit": "kg",
      "isDrugProduct": false,
      "solrSearchScore": 1.0,
      "energyDeclaration": null,
      "newsSplashProduct": false,
      "notAllowedB2b": false,
      "notAllowedAnonymous": false,
      "productLine2": "GULDFÅGELN, 350g",
      "pickupProductLine2": "GULDFÅGELN, 350g",
      "priceUnit": "kr/st",
      "priceNoUnit": "37,90",
      "savingsAmount": 4.9,
      "googleAnalyticsCategory": "",
      "gdprTrackingIncompliant": false,
      "showGoodPriceIcon": false,
      "nicotineMedicalProduct": false,
      "tobaccoFreeNicotineProduct": false,
      "nonEkoProduct": false,
      "tobaccoProduct": false,
      "labels": ["swedish_flag", "swedish_bird", "frozen"],
      "seoDescription": "",
      "seoTitle": "",
      "manufacturer": "Guldfågeln",
      "incrementValue": 1.0,
      "productBasketType": { "code": "ST", "type": "ProductBasketTypeEnum" },
      "bargainProduct": false,
      "addToCartMessage": "",
      "thumbnail": {
        "imageType": "PRIMARY",
        "format": "thumbnail",
        "url": "https://assets.axfood.se/image/upload/f_auto,t_100/07313940580055_C1C1_s03",
        "altText": null,
        "galleryIndex": null,
        "width": null
      },
      "outOfStock": false,
      "online": true,
      "displayVolume": "350g",
      "addToCartDisabled": false,
      "name": "Chicken Nuggets Frysta",
      "code": "100630621_ST"
    },
    {
      "potentialPromotions": [
        {
          "threshold": null,
          "applied": false,
          "campaignType": "GENERAL",
          "lowestHistoricalPrice": null,
          "promotionTheme": { "code": "Z062", "visible": null },
          "textLabelGenerated": "",
          "textLabelManual": null,
          "price": {
            "currencyIso": "SEK",
            "value": 33.0,
            "priceType": "BUY",
            "formattedValue": "33,00 kr",
            "minQuantity": null,
            "maxQuantity": null
          },
          "productCodes": [
            "100630621_ST",
            "100619298_ST",
            "100630658_ST",
            "101288581_ST",
            "100370518_ST",
            "100970013_ST",
            "101288535_ST",
            "101350371_ST"
          ],
          "promotionType": "MixMatchPricePromotion",
          "conditionLabel": "Välj & blanda! 3 för",
          "rewardLabel": "99,00",
          "textLabel": "",
          "redeemLimitLabel": "",
          "cartLabel": null,
          "validUntil": null,
          "timesUsed": null,
          "qualifyingCount": 3,
          "splashTitleText": "",
          "realMixAndMatch": true,
          "mainProductCode": "100630621_ST",
          "comparePrice": "66,00 kr",
          "promotionPercentage": null,
          "cartLabelFormatted": "",
          "conditionLabelFormatted": "3 för",
          "promotionRedeemLimit": null,
          "priority": 408,
          "code": "2500154527"
        }
      ],
      "priceValue": 37.9,
      "price": "37,90 kr",
      "image": {
        "imageType": "PRIMARY",
        "format": "product",
        "url": "https://assets.axfood.se/image/upload/f_auto,t_200/07313940574504_C1N1_s01",
        "altText": null,
        "galleryIndex": null,
        "width": null
      },
      "ranking": 120.89699523154,
      "depositPrice": "",
      "averageWeight": null,
      "comparePrice": "75,80 kr",
      "comparePriceUnit": "kg",
      "isDrugProduct": false,
      "solrSearchScore": 1.0,
      "energyDeclaration": null,
      "newsSplashProduct": false,
      "notAllowedB2b": false,
      "notAllowedAnonymous": false,
      "productLine2": "GULDFÅGELN, 500g",
      "pickupProductLine2": "GULDFÅGELN, 500g",
      "priceUnit": "kr/st",
      "priceNoUnit": "37,90",
      "savingsAmount": 4.9,
      "googleAnalyticsCategory": "",
      "gdprTrackingIncompliant": false,
      "showGoodPriceIcon": false,
      "nicotineMedicalProduct": false,
      "tobaccoFreeNicotineProduct": false,
      "nonEkoProduct": false,
      "tobaccoProduct": false,
      "labels": ["swedish_flag", "swedish_bird", "frozen"],
      "seoDescription": "",
      "seoTitle": "",
      "manufacturer": "Guldfågeln",
      "incrementValue": 1.0,
      "productBasketType": { "code": "ST", "type": "ProductBasketTypeEnum" },
      "bargainProduct": false,
      "addToCartMessage": "",
      "thumbnail": {
        "imageType": "PRIMARY",
        "format": "thumbnail",
        "url": "https://assets.axfood.se/image/upload/f_auto,t_100/07313940574504_C1N1_s01",
        "altText": null,
        "galleryIndex": null,
        "width": null
      },
      "outOfStock": false,
      "online": true,
      "displayVolume": "500g",
      "addToCartDisabled": false,
      "name": "Buffalo Wings Grillade Frysta",
      "code": "100619298_ST"
    },
    {
      "potentialPromotions": [
        {
          "threshold": null,
          "applied": false,
          "campaignType": "GENERAL",
          "lowestHistoricalPrice": null,
          "promotionTheme": { "code": "Z062", "visible": null },
          "textLabelGenerated": "",
          "textLabelManual": null,
          "price": {
            "currencyIso": "SEK",
            "value": 33.0,
            "priceType": "BUY",
            "formattedValue": "33,00 kr",
            "minQuantity": null,
            "maxQuantity": null
          },
          "productCodes": [
            "100630621_ST",
            "100619298_ST",
            "100630658_ST",
            "101288581_ST",
            "100370518_ST",
            "100970013_ST",
            "101288535_ST",
            "101350371_ST"
          ],
          "promotionType": "MixMatchPricePromotion",
          "conditionLabel": "Välj & blanda! 3 för",
          "rewardLabel": "99,00",
          "textLabel": "",
          "redeemLimitLabel": "",
          "cartLabel": null,
          "validUntil": null,
          "timesUsed": null,
          "qualifyingCount": 3,
          "splashTitleText": "",
          "realMixAndMatch": true,
          "mainProductCode": "100630621_ST",
          "comparePrice": "66,00 kr",
          "promotionPercentage": null,
          "cartLabelFormatted": "",
          "conditionLabelFormatted": "3 för",
          "promotionRedeemLimit": null,
          "priority": 408,
          "code": "2500154527"
        }
      ],
      "priceValue": 37.9,
      "price": "37,90 kr",
      "image": {
        "imageType": "PRIMARY",
        "format": "product",
        "url": "https://assets.axfood.se/image/upload/f_auto,t_200/07313940580024_C1C1_s03",
        "altText": null,
        "galleryIndex": null,
        "width": null
      },
      "ranking": 120.89699523154,
      "depositPrice": "",
      "averageWeight": null,
      "comparePrice": "75,80 kr",
      "comparePriceUnit": "kg",
      "isDrugProduct": false,
      "solrSearchScore": 1.0,
      "energyDeclaration": null,
      "newsSplashProduct": false,
      "notAllowedB2b": false,
      "notAllowedAnonymous": false,
      "productLine2": "GULDFÅGELN, 500g",
      "pickupProductLine2": "GULDFÅGELN, 500g",
      "priceUnit": "kr/st",
      "priceNoUnit": "37,90",
      "savingsAmount": 4.9,
      "googleAnalyticsCategory": "",
      "gdprTrackingIncompliant": false,
      "showGoodPriceIcon": false,
      "nicotineMedicalProduct": false,
      "tobaccoFreeNicotineProduct": false,
      "nonEkoProduct": false,
      "tobaccoProduct": false,
      "labels": ["swedish_flag", "swedish_bird", "frozen"],
      "seoDescription": "",
      "seoTitle": "",
      "manufacturer": "Guldfågeln",
      "incrementValue": 1.0,
      "productBasketType": { "code": "ST", "type": "ProductBasketTypeEnum" },
      "bargainProduct": false,
      "addToCartMessage": "",
      "thumbnail": {
        "imageType": "PRIMARY",
        "format": "thumbnail",
        "url": "https://assets.axfood.se/image/upload/f_auto,t_100/07313940580024_C1C1_s03",
        "altText": null,
        "galleryIndex": null,
        "width": null
      },
      "outOfStock": false,
      "online": true,
      "displayVolume": "500g",
      "addToCartDisabled": false,
      "name": "Chicken Kebab Fryst",
      "code": "100630658_ST"
    },
    {
      "potentialPromotions": [
        {
          "threshold": null,
          "applied": false,
          "campaignType": "GENERAL",
          "lowestHistoricalPrice": null,
          "promotionTheme": { "code": "Z062", "visible": null },
          "textLabelGenerated": "",
          "textLabelManual": null,
          "price": {
            "currencyIso": "SEK",
            "value": 33.0,
            "priceType": "BUY",
            "formattedValue": "33,00 kr",
            "minQuantity": null,
            "maxQuantity": null
          },
          "productCodes": [
            "100630621_ST",
            "100619298_ST",
            "100630658_ST",
            "101288581_ST",
            "100370518_ST",
            "100970013_ST",
            "101288535_ST",
            "101350371_ST"
          ],
          "promotionType": "MixMatchPricePromotion",
          "conditionLabel": "Välj & blanda! 3 för",
          "rewardLabel": "99,00",
          "textLabel": "",
          "redeemLimitLabel": "",
          "cartLabel": null,
          "validUntil": null,
          "timesUsed": null,
          "qualifyingCount": 3,
          "splashTitleText": "",
          "realMixAndMatch": true,
          "mainProductCode": "100630621_ST",
          "comparePrice": "66,00 kr",
          "promotionPercentage": null,
          "cartLabelFormatted": "",
          "conditionLabelFormatted": "3 för",
          "promotionRedeemLimit": null,
          "priority": 408,
          "code": "2500154527"
        }
      ],
      "priceValue": 37.9,
      "price": "37,90 kr",
      "image": {
        "imageType": "PRIMARY",
        "format": "product",
        "url": "https://assets.axfood.se/image/upload/f_auto,t_200/07313940574900_C1C1_s03",
        "altText": null,
        "galleryIndex": null,
        "width": null
      },
      "ranking": 120.89699523154,
      "depositPrice": "",
      "averageWeight": null,
      "comparePrice": "75,80 kr",
      "comparePriceUnit": "kg",
      "isDrugProduct": false,
      "solrSearchScore": 1.0,
      "energyDeclaration": null,
      "newsSplashProduct": false,
      "notAllowedB2b": false,
      "notAllowedAnonymous": false,
      "productLine2": "GULDFÅGELN, 500g",
      "pickupProductLine2": "GULDFÅGELN, 500g",
      "priceUnit": "kr/st",
      "priceNoUnit": "37,90",
      "savingsAmount": 4.9,
      "googleAnalyticsCategory": "",
      "gdprTrackingIncompliant": false,
      "showGoodPriceIcon": false,
      "nicotineMedicalProduct": false,
      "tobaccoFreeNicotineProduct": false,
      "nonEkoProduct": false,
      "tobaccoProduct": false,
      "labels": ["swedish_flag", "swedish_bird", "frozen"],
      "seoDescription": "",
      "seoTitle": "",
      "manufacturer": "Guldfågeln",
      "incrementValue": 1.0,
      "productBasketType": { "code": "ST", "type": "ProductBasketTypeEnum" },
      "bargainProduct": false,
      "addToCartMessage": "",
      "thumbnail": {
        "imageType": "PRIMARY",
        "format": "thumbnail",
        "url": "https://assets.axfood.se/image/upload/f_auto,t_100/07313940574900_C1C1_s03",
        "altText": null,
        "galleryIndex": null,
        "width": null
      },
      "outOfStock": false,
      "online": true,
      "displayVolume": "500g",
      "addToCartDisabled": false,
      "name": "Chicken Drumsticks Grillade Frysta",
      "code": "100970013_ST"
    },
    {
      "potentialPromotions": [
        {
          "threshold": null,
          "applied": false,
          "campaignType": "GENERAL",
          "lowestHistoricalPrice": null,
          "promotionTheme": { "code": "Z062", "visible": null },
          "textLabelGenerated": "",
          "textLabelManual": null,
          "price": {
            "currencyIso": "SEK",
            "value": 33.0,
            "priceType": "BUY",
            "formattedValue": "33,00 kr",
            "minQuantity": null,
            "maxQuantity": null
          },
          "productCodes": [
            "100630621_ST",
            "100619298_ST",
            "100630658_ST",
            "101288581_ST",
            "100370518_ST",
            "100970013_ST",
            "101288535_ST",
            "101350371_ST"
          ],
          "promotionType": "MixMatchPricePromotion",
          "conditionLabel": "Välj & blanda! 3 för",
          "rewardLabel": "99,00",
          "textLabel": "",
          "redeemLimitLabel": "",
          "cartLabel": null,
          "validUntil": null,
          "timesUsed": null,
          "qualifyingCount": 3,
          "splashTitleText": "",
          "realMixAndMatch": true,
          "mainProductCode": "100630621_ST",
          "comparePrice": "94,28 kr",
          "promotionPercentage": null,
          "cartLabelFormatted": "",
          "conditionLabelFormatted": "3 för",
          "promotionRedeemLimit": null,
          "priority": 408,
          "code": "2500154527"
        }
      ],
      "priceValue": 37.9,
      "price": "37,90 kr",
      "image": {
        "imageType": "PRIMARY",
        "format": "product",
        "url": "https://assets.axfood.se/image/upload/f_auto,t_200/07313940580154_C1N1_s01",
        "altText": null,
        "galleryIndex": null,
        "width": null
      },
      "ranking": 120.89699523154,
      "depositPrice": "",
      "averageWeight": null,
      "comparePrice": "108,28 kr",
      "comparePriceUnit": "kg",
      "isDrugProduct": false,
      "solrSearchScore": 1.0,
      "energyDeclaration": null,
      "newsSplashProduct": false,
      "notAllowedB2b": false,
      "notAllowedAnonymous": false,
      "productLine2": "GULDFÅGELN, 350g",
      "pickupProductLine2": "GULDFÅGELN, 350g",
      "priceUnit": "kr/st",
      "priceNoUnit": "37,90",
      "savingsAmount": 4.9,
      "googleAnalyticsCategory": "",
      "gdprTrackingIncompliant": false,
      "showGoodPriceIcon": false,
      "nicotineMedicalProduct": false,
      "tobaccoFreeNicotineProduct": false,
      "nonEkoProduct": false,
      "tobaccoProduct": false,
      "labels": ["swedish_flag", "swedish_bird", "frozen"],
      "seoDescription": "",
      "seoTitle": "",
      "manufacturer": "Guldfågeln",
      "incrementValue": 1.0,
      "productBasketType": { "code": "ST", "type": "ProductBasketTypeEnum" },
      "bargainProduct": false,
      "addToCartMessage": "",
      "thumbnail": {
        "imageType": "PRIMARY",
        "format": "thumbnail",
        "url": "https://assets.axfood.se/image/upload/f_auto,t_100/07313940580154_C1N1_s01",
        "altText": null,
        "galleryIndex": null,
        "width": null
      },
      "outOfStock": false,
      "online": true,
      "displayVolume": "350g",
      "addToCartDisabled": false,
      "name": "Chicken Nuggets Crispy Frysta",
      "code": "101288581_ST"
    },
    {
      "potentialPromotions": [
        {
          "threshold": null,
          "applied": false,
          "campaignType": "GENERAL",
          "lowestHistoricalPrice": null,
          "promotionTheme": { "code": "Z062", "visible": null },
          "textLabelGenerated": "",
          "textLabelManual": null,
          "price": {
            "currencyIso": "SEK",
            "value": 33.0,
            "priceType": "BUY",
            "formattedValue": "33,00 kr",
            "minQuantity": null,
            "maxQuantity": null
          },
          "productCodes": [
            "100630621_ST",
            "100619298_ST",
            "100630658_ST",
            "101288581_ST",
            "100370518_ST",
            "100970013_ST",
            "101288535_ST",
            "101350371_ST"
          ],
          "promotionType": "MixMatchPricePromotion",
          "conditionLabel": "Välj & blanda! 3 för",
          "rewardLabel": "99,00",
          "textLabel": "",
          "redeemLimitLabel": "",
          "cartLabel": null,
          "validUntil": null,
          "timesUsed": null,
          "qualifyingCount": 3,
          "splashTitleText": "",
          "realMixAndMatch": true,
          "mainProductCode": "100630621_ST",
          "comparePrice": "66,00 kr",
          "promotionPercentage": null,
          "cartLabelFormatted": "",
          "conditionLabelFormatted": "3 för",
          "promotionRedeemLimit": null,
          "priority": 408,
          "code": "2500154527"
        }
      ],
      "priceValue": 37.9,
      "price": "37,90 kr",
      "image": {
        "imageType": "PRIMARY",
        "format": "product",
        "url": "https://assets.axfood.se/image/upload/f_auto,t_200/07313940574603_C1N1_s01",
        "altText": null,
        "galleryIndex": null,
        "width": null
      },
      "ranking": 120.89699523154,
      "depositPrice": "",
      "averageWeight": null,
      "comparePrice": "75,80 kr",
      "comparePriceUnit": "kg",
      "isDrugProduct": false,
      "solrSearchScore": 1.0,
      "energyDeclaration": null,
      "newsSplashProduct": false,
      "notAllowedB2b": false,
      "notAllowedAnonymous": false,
      "productLine2": "GULDFÅGELN, 500g",
      "pickupProductLine2": "GULDFÅGELN, 500g",
      "priceUnit": "kr/st",
      "priceNoUnit": "37,90",
      "savingsAmount": 4.9,
      "googleAnalyticsCategory": "",
      "gdprTrackingIncompliant": false,
      "showGoodPriceIcon": false,
      "nicotineMedicalProduct": false,
      "tobaccoFreeNicotineProduct": false,
      "nonEkoProduct": false,
      "tobaccoProduct": false,
      "labels": ["swedish_flag", "swedish_bird", "frozen"],
      "seoDescription": "",
      "seoTitle": "",
      "manufacturer": "Guldfågeln",
      "incrementValue": 1.0,
      "productBasketType": { "code": "ST", "type": "ProductBasketTypeEnum" },
      "bargainProduct": false,
      "addToCartMessage": "",
      "thumbnail": {
        "imageType": "PRIMARY",
        "format": "thumbnail",
        "url": "https://assets.axfood.se/image/upload/f_auto,t_100/07313940574603_C1N1_s01",
        "altText": null,
        "galleryIndex": null,
        "width": null
      },
      "outOfStock": false,
      "online": true,
      "displayVolume": "500g",
      "addToCartDisabled": false,
      "name": "Drumsticks Chicken Bbq Fryst",
      "code": "100370518_ST"
    },
    {
      "potentialPromotions": [
        {
          "threshold": null,
          "applied": false,
          "campaignType": "GENERAL",
          "lowestHistoricalPrice": null,
          "promotionTheme": { "code": "Z062", "visible": null },
          "textLabelGenerated": "",
          "textLabelManual": null,
          "price": {
            "currencyIso": "SEK",
            "value": 33.0,
            "priceType": "BUY",
            "formattedValue": "33,00 kr",
            "minQuantity": null,
            "maxQuantity": null
          },
          "productCodes": [
            "100630621_ST",
            "100619298_ST",
            "100630658_ST",
            "101288581_ST",
            "100370518_ST",
            "100970013_ST",
            "101288535_ST",
            "101350371_ST"
          ],
          "promotionType": "MixMatchPricePromotion",
          "conditionLabel": "Välj & blanda! 3 för",
          "rewardLabel": "99,00",
          "textLabel": "",
          "redeemLimitLabel": "",
          "cartLabel": null,
          "validUntil": null,
          "timesUsed": null,
          "qualifyingCount": 3,
          "splashTitleText": "",
          "realMixAndMatch": true,
          "mainProductCode": "100630621_ST",
          "comparePrice": "94,28 kr",
          "promotionPercentage": null,
          "cartLabelFormatted": "",
          "conditionLabelFormatted": "3 för",
          "promotionRedeemLimit": null,
          "priority": 408,
          "code": "2500154527"
        }
      ],
      "priceValue": 37.9,
      "price": "37,90 kr",
      "image": {
        "imageType": "PRIMARY",
        "format": "product",
        "url": "https://assets.axfood.se/image/upload/f_auto,t_200/07313940580147_C1N1_s01",
        "altText": null,
        "galleryIndex": null,
        "width": null
      },
      "ranking": 120.89699523154,
      "depositPrice": "",
      "averageWeight": null,
      "comparePrice": "108,28 kr",
      "comparePriceUnit": "kg",
      "isDrugProduct": false,
      "solrSearchScore": 1.0,
      "energyDeclaration": null,
      "newsSplashProduct": false,
      "notAllowedB2b": false,
      "notAllowedAnonymous": false,
      "productLine2": "GULDFÅGELN, 350g",
      "pickupProductLine2": "GULDFÅGELN, 350g",
      "priceUnit": "kr/st",
      "priceNoUnit": "37,90",
      "savingsAmount": 4.9,
      "googleAnalyticsCategory": "",
      "gdprTrackingIncompliant": false,
      "showGoodPriceIcon": false,
      "nicotineMedicalProduct": false,
      "tobaccoFreeNicotineProduct": false,
      "nonEkoProduct": false,
      "tobaccoProduct": false,
      "labels": ["swedish_flag", "swedish_bird", "frozen"],
      "seoDescription": "",
      "seoTitle": "",
      "manufacturer": "Guldfågeln",
      "incrementValue": 1.0,
      "productBasketType": { "code": "ST", "type": "ProductBasketTypeEnum" },
      "bargainProduct": false,
      "addToCartMessage": "",
      "thumbnail": {
        "imageType": "PRIMARY",
        "format": "thumbnail",
        "url": "https://assets.axfood.se/image/upload/f_auto,t_100/07313940580147_C1N1_s01",
        "altText": null,
        "galleryIndex": null,
        "width": null
      },
      "outOfStock": false,
      "online": true,
      "displayVolume": "350g",
      "addToCartDisabled": false,
      "name": "Chicken Rings Frysta",
      "code": "101288535_ST"
    },
    {
      "potentialPromotions": [
        {
          "threshold": null,
          "applied": false,
          "campaignType": "GENERAL",
          "lowestHistoricalPrice": null,
          "promotionTheme": { "code": "Z062", "visible": null },
          "textLabelGenerated": "",
          "textLabelManual": null,
          "price": {
            "currencyIso": "SEK",
            "value": 33.0,
            "priceType": "BUY",
            "formattedValue": "33,00 kr",
            "minQuantity": null,
            "maxQuantity": null
          },
          "productCodes": [
            "100630621_ST",
            "100619298_ST",
            "100630658_ST",
            "101288581_ST",
            "100370518_ST",
            "100970013_ST",
            "101288535_ST",
            "101350371_ST"
          ],
          "promotionType": "MixMatchPricePromotion",
          "conditionLabel": "Välj & blanda! 3 för",
          "rewardLabel": "99,00",
          "textLabel": "",
          "redeemLimitLabel": "",
          "cartLabel": null,
          "validUntil": null,
          "timesUsed": null,
          "qualifyingCount": 3,
          "splashTitleText": "",
          "realMixAndMatch": true,
          "mainProductCode": "100630621_ST",
          "comparePrice": "89,19 kr",
          "promotionPercentage": null,
          "cartLabelFormatted": "",
          "conditionLabelFormatted": "3 för",
          "promotionRedeemLimit": null,
          "priority": 408,
          "code": "2500154527"
        }
      ],
      "priceValue": 37.9,
      "price": "37,90 kr",
      "image": {
        "imageType": "PRIMARY",
        "format": "product",
        "url": "https://assets.axfood.se/image/upload/f_auto,t_200/07313940580161_C1N1_s01",
        "altText": null,
        "galleryIndex": null,
        "width": null
      },
      "ranking": 120.89699523154,
      "depositPrice": "",
      "averageWeight": null,
      "comparePrice": "102,43 kr",
      "comparePriceUnit": "kg",
      "isDrugProduct": false,
      "solrSearchScore": 1.0,
      "energyDeclaration": null,
      "newsSplashProduct": false,
      "notAllowedB2b": false,
      "notAllowedAnonymous": false,
      "productLine2": "GULDFÅGELN, 370g",
      "pickupProductLine2": "GULDFÅGELN, 370g",
      "priceUnit": "kr/st",
      "priceNoUnit": "37,90",
      "savingsAmount": 4.9,
      "googleAnalyticsCategory": "",
      "gdprTrackingIncompliant": false,
      "showGoodPriceIcon": false,
      "nicotineMedicalProduct": false,
      "tobaccoFreeNicotineProduct": false,
      "nonEkoProduct": false,
      "tobaccoProduct": false,
      "labels": ["swedish_flag", "swedish_bird", "frozen"],
      "seoDescription": "",
      "seoTitle": "",
      "manufacturer": "Guldfågeln",
      "incrementValue": 1.0,
      "productBasketType": { "code": "ST", "type": "ProductBasketTypeEnum" },
      "bargainProduct": false,
      "addToCartMessage": "",
      "thumbnail": {
        "imageType": "PRIMARY",
        "format": "thumbnail",
        "url": "https://assets.axfood.se/image/upload/f_auto,t_100/07313940580161_C1N1_s01",
        "altText": null,
        "galleryIndex": null,
        "width": null
      },
      "outOfStock": false,
      "online": true,
      "displayVolume": "370g",
      "addToCartDisabled": false,
      "name": "Kyckling Schnitzel Fryst",
      "code": "101350371_ST"
    },
    {
      "potentialPromotions": [
        {
          "threshold": null,
          "applied": false,
          "campaignType": "GENERAL",
          "lowestHistoricalPrice": {
            "currencyIso": "SEK",
            "value": 81.9,
            "priceType": "BUY",
            "formattedValue": "81,90 kr",
            "minQuantity": null,
            "maxQuantity": null
          },
          "promotionTheme": { "code": "Z001", "visible": null },
          "textLabelGenerated": "",
          "textLabelManual": null,
          "price": {
            "currencyIso": "SEK",
            "value": 69.9,
            "priceType": "BUY",
            "formattedValue": "69,90 kr",
            "minQuantity": null,
            "maxQuantity": null
          },
          "productCodes": ["101273395_ST"],
          "promotionType": "MixMatchPricePromotion",
          "conditionLabel": "Spara 12,00 kr/st",
          "rewardLabel": "69,90/st",
          "textLabel": "",
          "redeemLimitLabel": "",
          "cartLabel": null,
          "validUntil": null,
          "timesUsed": null,
          "qualifyingCount": 1,
          "splashTitleText": "Kampanj",
          "realMixAndMatch": false,
          "mainProductCode": "101273395_ST",
          "comparePrice": "116,50 kr",
          "promotionPercentage": null,
          "cartLabelFormatted": "",
          "conditionLabelFormatted": "",
          "promotionRedeemLimit": null,
          "priority": 408,
          "code": "2500155735"
        }
      ],
      "priceValue": 81.9,
      "price": "81,90 kr",
      "image": {
        "imageType": "PRIMARY",
        "format": "product",
        "url": "https://assets.axfood.se/image/upload/f_auto,t_200/07340083463921_C1N1_s01",
        "altText": null,
        "galleryIndex": null,
        "width": null
      },
      "ranking": 120.89699494642,
      "depositPrice": "",
      "averageWeight": null,
      "comparePrice": "136,50 kr",
      "comparePriceUnit": "kg",
      "isDrugProduct": false,
      "solrSearchScore": 1.0,
      "energyDeclaration": null,
      "newsSplashProduct": false,
      "notAllowedB2b": false,
      "notAllowedAnonymous": false,
      "productLine2": "PRIME PATROL, 600g",
      "pickupProductLine2": "PRIME PATROL, 600g",
      "priceUnit": "kr/st",
      "priceNoUnit": "81,90",
      "savingsAmount": 12.0,
      "googleAnalyticsCategory": "",
      "gdprTrackingIncompliant": false,
      "showGoodPriceIcon": false,
      "nicotineMedicalProduct": false,
      "tobaccoFreeNicotineProduct": false,
      "nonEkoProduct": false,
      "tobaccoProduct": false,
      "labels": ["frozen"],
      "seoDescription": "",
      "seoTitle": "",
      "manufacturer": "Prime Patrol",
      "incrementValue": 1.0,
      "productBasketType": { "code": "ST", "type": "ProductBasketTypeEnum" },
      "bargainProduct": false,
      "addToCartMessage": "",
      "thumbnail": {
        "imageType": "PRIMARY",
        "format": "thumbnail",
        "url": "https://assets.axfood.se/image/upload/f_auto,t_100/07340083463921_C1N1_s01",
        "altText": null,
        "galleryIndex": null,
        "width": null
      },
      "outOfStock": false,
      "online": true,
      "displayVolume": "600g",
      "addToCartDisabled": false,
      "name": "Hamburgare Högrev 99% Frysta",
      "code": "101273395_ST"
    },
    {
      "potentialPromotions": [
        {
          "threshold": null,
          "applied": false,
          "campaignType": "GENERAL",
          "lowestHistoricalPrice": {
            "currencyIso": "SEK",
            "value": 15.9,
            "priceType": "BUY",
            "formattedValue": "15,90 kr",
            "minQuantity": null,
            "maxQuantity": null
          },
          "promotionTheme": { "code": "Z062", "visible": null },
          "textLabelGenerated": "",
          "textLabelManual": null,
          "price": {
            "currencyIso": "SEK",
            "value": 13.9,
            "priceType": "BUY",
            "formattedValue": "13,90 kr",
            "minQuantity": null,
            "maxQuantity": null
          },
          "productCodes": ["100294496_ST"],
          "promotionType": "MixMatchPricePromotion",
          "conditionLabel": "Spara 2,00 kr/st",
          "rewardLabel": "13,90/st",
          "textLabel": "",
          "redeemLimitLabel": "",
          "cartLabel": null,
          "validUntil": null,
          "timesUsed": null,
          "qualifyingCount": 1,
          "splashTitleText": "",
          "realMixAndMatch": false,
          "mainProductCode": "100294496_ST",
          "comparePrice": "69,50 kr",
          "promotionPercentage": null,
          "cartLabelFormatted": "",
          "conditionLabelFormatted": "",
          "promotionRedeemLimit": null,
          "priority": 408,
          "code": "2500156103"
        }
      ],
      "priceValue": 15.9,
      "price": "15,90 kr",
      "image": {
        "imageType": "PRIMARY",
        "format": "product",
        "url": "https://assets.axfood.se/image/upload/f_auto,t_200/07300206303008_C1L1_s05",
        "altText": null,
        "galleryIndex": null,
        "width": null
      },
      "ranking": 120.89599967282,
      "depositPrice": "",
      "averageWeight": null,
      "comparePrice": "79,50 kr",
      "comparePriceUnit": "kg",
      "isDrugProduct": false,
      "solrSearchScore": 1.0,
      "energyDeclaration": null,
      "newsSplashProduct": false,
      "notAllowedB2b": false,
      "notAllowedAnonymous": false,
      "productLine2": "SCAN, 200g",
      "pickupProductLine2": "SCAN, 200g",
      "priceUnit": "kr/st",
      "priceNoUnit": "15,90",
      "savingsAmount": 2.0,
      "googleAnalyticsCategory": "",
      "gdprTrackingIncompliant": false,
      "showGoodPriceIcon": false,
      "nicotineMedicalProduct": false,
      "tobaccoFreeNicotineProduct": false,
      "nonEkoProduct": false,
      "tobaccoProduct": false,
      "labels": ["swedish_flag", "meat_from_sweden"],
      "seoDescription": "",
      "seoTitle": "",
      "manufacturer": "Scan",
      "incrementValue": 1.0,
      "productBasketType": { "code": "ST", "type": "ProductBasketTypeEnum" },
      "bargainProduct": false,
      "addToCartMessage": "",
      "thumbnail": {
        "imageType": "PRIMARY",
        "format": "thumbnail",
        "url": "https://assets.axfood.se/image/upload/f_auto,t_100/07300206303008_C1L1_s05",
        "altText": null,
        "galleryIndex": null,
        "width": null
      },
      "outOfStock": false,
      "online": true,
      "displayVolume": "200g",
      "addToCartDisabled": false,
      "name": "Leverpastej Ugnsbakad Bredbar",
      "code": "100294496_ST"
    },
    {
      "potentialPromotions": [
        {
          "threshold": null,
          "applied": false,
          "campaignType": "GENERAL",
          "lowestHistoricalPrice": {
            "currencyIso": "SEK",
            "value": 34.9,
            "priceType": "BUY",
            "formattedValue": "34,90 kr",
            "minQuantity": null,
            "maxQuantity": null
          },
          "promotionTheme": { "code": "Z062", "visible": null },
          "textLabelGenerated": "",
          "textLabelManual": null,
          "price": {
            "currencyIso": "SEK",
            "value": 34.9,
            "priceType": "BUY",
            "formattedValue": "34,90 kr",
            "minQuantity": null,
            "maxQuantity": null
          },
          "productCodes": ["100764549_ST"],
          "promotionType": "MixMatchPricePromotion",
          "conditionLabel": "Spara 7,00 kr/st",
          "rewardLabel": "34,90/st",
          "textLabel": "",
          "redeemLimitLabel": "",
          "cartLabel": null,
          "validUntil": null,
          "timesUsed": null,
          "qualifyingCount": 1,
          "splashTitleText": "",
          "realMixAndMatch": false,
          "mainProductCode": "100764549_ST",
          "comparePrice": "116,33 kr",
          "promotionPercentage": null,
          "cartLabelFormatted": "",
          "conditionLabelFormatted": "",
          "promotionRedeemLimit": null,
          "priority": 408,
          "code": "2500156156"
        }
      ],
      "priceValue": 41.9,
      "price": "41,90 kr",
      "image": {
        "imageType": "PRIMARY",
        "format": "product",
        "url": "https://assets.axfood.se/image/upload/f_auto,t_200/07310620032040_C1C1_s01",
        "altText": null,
        "galleryIndex": null,
        "width": null
      },
      "ranking": 120.89599942818,
      "depositPrice": "",
      "averageWeight": null,
      "comparePrice": "139,67 kr",
      "comparePriceUnit": "kg",
      "isDrugProduct": false,
      "solrSearchScore": 1.0,
      "energyDeclaration": null,
      "newsSplashProduct": false,
      "notAllowedB2b": false,
      "notAllowedAnonymous": false,
      "productLine2": "SIBYLLA, 300g",
      "pickupProductLine2": "SIBYLLA, 300g",
      "priceUnit": "kr/st",
      "priceNoUnit": "41,90",
      "savingsAmount": 7.0,
      "googleAnalyticsCategory": "",
      "gdprTrackingIncompliant": false,
      "showGoodPriceIcon": false,
      "nicotineMedicalProduct": false,
      "tobaccoFreeNicotineProduct": false,
      "nonEkoProduct": false,
      "tobaccoProduct": false,
      "labels": [],
      "seoDescription": "",
      "seoTitle": "",
      "manufacturer": "Sibylla",
      "incrementValue": 1.0,
      "productBasketType": { "code": "ST", "type": "ProductBasketTypeEnum" },
      "bargainProduct": false,
      "addToCartMessage": "",
      "thumbnail": {
        "imageType": "PRIMARY",
        "format": "thumbnail",
        "url": "https://assets.axfood.se/image/upload/f_auto,t_100/07310620032040_C1C1_s01",
        "altText": null,
        "galleryIndex": null,
        "width": null
      },
      "outOfStock": false,
      "online": true,
      "displayVolume": "300g",
      "addToCartDisabled": false,
      "name": "Kokkorv Original",
      "code": "100764549_ST"
    },
    {
      "potentialPromotions": [
        {
          "threshold": null,
          "applied": false,
          "campaignType": "GENERAL",
          "lowestHistoricalPrice": {
            "currencyIso": "SEK",
            "value": 16.9,
            "priceType": "BUY",
            "formattedValue": "16,90 kr",
            "minQuantity": null,
            "maxQuantity": null
          },
          "promotionTheme": { "code": "Z062", "visible": null },
          "textLabelGenerated": "",
          "textLabelManual": null,
          "price": {
            "currencyIso": "SEK",
            "value": 17.9,
            "priceType": "BUY",
            "formattedValue": "17,90 kr",
            "minQuantity": null,
            "maxQuantity": null
          },
          "productCodes": ["101263449_ST"],
          "promotionType": "MixMatchPricePromotion",
          "conditionLabel": "Spara 2,00 kr/st",
          "rewardLabel": "17,90/st",
          "textLabel": "",
          "redeemLimitLabel": "",
          "cartLabel": null,
          "validUntil": null,
          "timesUsed": null,
          "qualifyingCount": 1,
          "splashTitleText": "",
          "realMixAndMatch": false,
          "mainProductCode": "101263449_ST",
          "comparePrice": "44,75 kr",
          "promotionPercentage": null,
          "cartLabelFormatted": "",
          "conditionLabelFormatted": "",
          "promotionRedeemLimit": null,
          "priority": 408,
          "code": "2500156193"
        }
      ],
      "priceValue": 19.9,
      "price": "19,90 kr",
      "image": {
        "imageType": "PRIMARY",
        "format": "product",
        "url": "https://assets.axfood.se/image/upload/f_auto,t_200/07340083456732_C1N1_s01",
        "altText": null,
        "galleryIndex": null,
        "width": null
      },
      "ranking": 120.89599935586,
      "depositPrice": "",
      "averageWeight": null,
      "comparePrice": "49,75 kr",
      "comparePriceUnit": "kg",
      "isDrugProduct": false,
      "solrSearchScore": 1.0,
      "energyDeclaration": null,
      "newsSplashProduct": false,
      "notAllowedB2b": false,
      "notAllowedAnonymous": false,
      "productLine2": "ELDORADO, 400g",
      "pickupProductLine2": "ELDORADO, 400g",
      "priceUnit": "kr/st",
      "priceNoUnit": "19,90",
      "savingsAmount": 2.0,
      "googleAnalyticsCategory": "",
      "gdprTrackingIncompliant": false,
      "showGoodPriceIcon": false,
      "nicotineMedicalProduct": false,
      "tobaccoFreeNicotineProduct": false,
      "nonEkoProduct": false,
      "tobaccoProduct": false,
      "labels": ["swedish_flag", "swedish_bird"],
      "seoDescription": "",
      "seoTitle": "",
      "manufacturer": "Eldorado",
      "incrementValue": 1.0,
      "productBasketType": { "code": "ST", "type": "ProductBasketTypeEnum" },
      "bargainProduct": false,
      "addToCartMessage": "",
      "thumbnail": {
        "imageType": "PRIMARY",
        "format": "thumbnail",
        "url": "https://assets.axfood.se/image/upload/f_auto,t_100/07340083456732_C1N1_s01",
        "altText": null,
        "galleryIndex": null,
        "width": null
      },
      "outOfStock": false,
      "online": true,
      "displayVolume": "400g",
      "addToCartDisabled": false,
      "name": "Grillkorv Kyckling",
      "code": "101263449_ST"
    },
    {
      "potentialPromotions": [
        {
          "threshold": null,
          "applied": false,
          "campaignType": "GENERAL",
          "lowestHistoricalPrice": {
            "currencyIso": "SEK",
            "value": 22.5,
            "priceType": "BUY",
            "formattedValue": "22,50 kr",
            "minQuantity": null,
            "maxQuantity": null
          },
          "promotionTheme": { "code": "Z062", "visible": null },
          "textLabelGenerated": "",
          "textLabelManual": null,
          "price": {
            "currencyIso": "SEK",
            "value": 19.9,
            "priceType": "BUY",
            "formattedValue": "19,90 kr",
            "minQuantity": null,
            "maxQuantity": null
          },
          "productCodes": [
            "101241373_ST",
            "101241416_ST",
            "101348550_ST",
            "101287946_ST",
            "101348515_ST",
            "101270135_ST",
            "101359620_ST"
          ],
          "promotionType": "MixMatchPricePromotion",
          "conditionLabel": "Spara 2,60 kr/st",
          "rewardLabel": "19,90/st",
          "textLabel": "",
          "redeemLimitLabel": "",
          "cartLabel": null,
          "validUntil": null,
          "timesUsed": null,
          "qualifyingCount": 1,
          "splashTitleText": "",
          "realMixAndMatch": false,
          "mainProductCode": "101241373_ST",
          "comparePrice": "248,75 kr",
          "promotionPercentage": null,
          "cartLabelFormatted": "",
          "conditionLabelFormatted": "",
          "promotionRedeemLimit": null,
          "priority": 408,
          "code": "2500156209"
        }
      ],
      "priceValue": 22.5,
      "price": "22,50 kr",
      "image": {
        "imageType": "PRIMARY",
        "format": "product",
        "url": "https://assets.axfood.se/image/upload/f_auto,t_200/05707196176063_C1L1_s01",
        "altText": null,
        "galleryIndex": null,
        "width": null
      },
      "ranking": 120.89599928354,
      "depositPrice": "",
      "averageWeight": null,
      "comparePrice": "281,25 kr",
      "comparePriceUnit": "kg",
      "isDrugProduct": false,
      "solrSearchScore": 1.0,
      "energyDeclaration": null,
      "newsSplashProduct": false,
      "notAllowedB2b": false,
      "notAllowedAnonymous": false,
      "productLine2": "GØL, 80g",
      "pickupProductLine2": "GØL, 80g",
      "priceUnit": "kr/st",
      "priceNoUnit": "22,50",
      "savingsAmount": 2.6,
      "googleAnalyticsCategory": "",
      "gdprTrackingIncompliant": false,
      "showGoodPriceIcon": false,
      "nicotineMedicalProduct": false,
      "tobaccoFreeNicotineProduct": false,
      "nonEkoProduct": false,
      "tobaccoProduct": false,
      "labels": [],
      "seoDescription": "",
      "seoTitle": "",
      "manufacturer": "Gøl",
      "incrementValue": 1.0,
      "productBasketType": { "code": "ST", "type": "ProductBasketTypeEnum" },
      "bargainProduct": false,
      "addToCartMessage": "",
      "thumbnail": {
        "imageType": "PRIMARY",
        "format": "thumbnail",
        "url": "https://assets.axfood.se/image/upload/f_auto,t_100/05707196176063_C1L1_s01",
        "altText": null,
        "galleryIndex": null,
        "width": null
      },
      "outOfStock": false,
      "online": true,
      "displayVolume": "80g",
      "addToCartDisabled": false,
      "name": "Classic Salami Chips",
      "code": "101241373_ST"
    },
    {
      "potentialPromotions": [
        {
          "threshold": null,
          "applied": false,
          "campaignType": "GENERAL",
          "lowestHistoricalPrice": {
            "currencyIso": "SEK",
            "value": 22.5,
            "priceType": "BUY",
            "formattedValue": "22,50 kr",
            "minQuantity": null,
            "maxQuantity": null
          },
          "promotionTheme": { "code": "Z062", "visible": null },
          "textLabelGenerated": "",
          "textLabelManual": null,
          "price": {
            "currencyIso": "SEK",
            "value": 19.9,
            "priceType": "BUY",
            "formattedValue": "19,90 kr",
            "minQuantity": null,
            "maxQuantity": null
          },
          "productCodes": [
            "101241373_ST",
            "101241416_ST",
            "101348550_ST",
            "101287946_ST",
            "101348515_ST",
            "101270135_ST",
            "101359620_ST"
          ],
          "promotionType": "MixMatchPricePromotion",
          "conditionLabel": "Spara 2,60 kr/st",
          "rewardLabel": "19,90/st",
          "textLabel": "",
          "redeemLimitLabel": "",
          "cartLabel": null,
          "validUntil": null,
          "timesUsed": null,
          "qualifyingCount": 1,
          "splashTitleText": "",
          "realMixAndMatch": false,
          "mainProductCode": "101241373_ST",
          "comparePrice": "248,75 kr",
          "promotionPercentage": null,
          "cartLabelFormatted": "",
          "conditionLabelFormatted": "",
          "promotionRedeemLimit": null,
          "priority": 408,
          "code": "2500156209"
        }
      ],
      "priceValue": 22.5,
      "price": "22,50 kr",
      "image": {
        "imageType": "PRIMARY",
        "format": "product",
        "url": "https://assets.axfood.se/image/upload/f_auto,t_200/05707196175974_C1L1_s01",
        "altText": null,
        "galleryIndex": null,
        "width": null
      },
      "ranking": 120.89599928354,
      "depositPrice": "",
      "averageWeight": null,
      "comparePrice": "281,25 kr",
      "comparePriceUnit": "kg",
      "isDrugProduct": false,
      "solrSearchScore": 1.0,
      "energyDeclaration": null,
      "newsSplashProduct": false,
      "notAllowedB2b": false,
      "notAllowedAnonymous": false,
      "productLine2": "GØL, 80g",
      "pickupProductLine2": "GØL, 80g",
      "priceUnit": "kr/st",
      "priceNoUnit": "22,50",
      "savingsAmount": 2.6,
      "googleAnalyticsCategory": "",
      "gdprTrackingIncompliant": false,
      "showGoodPriceIcon": false,
      "nicotineMedicalProduct": false,
      "tobaccoFreeNicotineProduct": false,
      "nonEkoProduct": false,
      "tobaccoProduct": false,
      "labels": [],
      "seoDescription": "",
      "seoTitle": "",
      "manufacturer": "Gøl",
      "incrementValue": 1.0,
      "productBasketType": { "code": "ST", "type": "ProductBasketTypeEnum" },
      "bargainProduct": false,
      "addToCartMessage": "",
      "thumbnail": {
        "imageType": "PRIMARY",
        "format": "thumbnail",
        "url": "https://assets.axfood.se/image/upload/f_auto,t_100/05707196175974_C1L1_s01",
        "altText": null,
        "galleryIndex": null,
        "width": null
      },
      "outOfStock": false,
      "online": true,
      "displayVolume": "80g",
      "addToCartDisabled": false,
      "name": "Classic Salami Sticks",
      "code": "101241416_ST"
    },
    {
      "potentialPromotions": [
        {
          "threshold": null,
          "applied": false,
          "campaignType": "GENERAL",
          "lowestHistoricalPrice": {
            "currencyIso": "SEK",
            "value": 22.5,
            "priceType": "BUY",
            "formattedValue": "22,50 kr",
            "minQuantity": null,
            "maxQuantity": null
          },
          "promotionTheme": { "code": "Z062", "visible": null },
          "textLabelGenerated": "",
          "textLabelManual": null,
          "price": {
            "currencyIso": "SEK",
            "value": 19.9,
            "priceType": "BUY",
            "formattedValue": "19,90 kr",
            "minQuantity": null,
            "maxQuantity": null
          },
          "productCodes": [
            "101241373_ST",
            "101241416_ST",
            "101348550_ST",
            "101287946_ST",
            "101348515_ST",
            "101270135_ST",
            "101359620_ST"
          ],
          "promotionType": "MixMatchPricePromotion",
          "conditionLabel": "Spara 2,60 kr/st",
          "rewardLabel": "19,90/st",
          "textLabel": "",
          "redeemLimitLabel": "",
          "cartLabel": null,
          "validUntil": null,
          "timesUsed": null,
          "qualifyingCount": 1,
          "splashTitleText": "",
          "realMixAndMatch": false,
          "mainProductCode": "101241373_ST",
          "comparePrice": "248,75 kr",
          "promotionPercentage": null,
          "cartLabelFormatted": "",
          "conditionLabelFormatted": "",
          "promotionRedeemLimit": null,
          "priority": 408,
          "code": "2500156209"
        }
      ],
      "priceValue": 22.5,
      "price": "22,50 kr",
      "image": {
        "imageType": "PRIMARY",
        "format": "product",
        "url": "https://assets.axfood.se/image/upload/f_auto,t_200/05707196231205_C1L1_s02",
        "altText": null,
        "galleryIndex": null,
        "width": null
      },
      "ranking": 120.89599928354,
      "depositPrice": "",
      "averageWeight": null,
      "comparePrice": "281,25 kr",
      "comparePriceUnit": "kg",
      "isDrugProduct": false,
      "solrSearchScore": 1.0,
      "energyDeclaration": null,
      "newsSplashProduct": false,
      "notAllowedB2b": false,
      "notAllowedAnonymous": false,
      "productLine2": "GØL, 80g",
      "pickupProductLine2": "GØL, 80g",
      "priceUnit": "kr/st",
      "priceNoUnit": "22,50",
      "savingsAmount": 2.6,
      "googleAnalyticsCategory": "",
      "gdprTrackingIncompliant": false,
      "showGoodPriceIcon": false,
      "nicotineMedicalProduct": false,
      "tobaccoFreeNicotineProduct": false,
      "nonEkoProduct": false,
      "tobaccoProduct": false,
      "labels": [],
      "seoDescription": "",
      "seoTitle": "",
      "manufacturer": "Gøl",
      "incrementValue": 1.0,
      "productBasketType": { "code": "ST", "type": "ProductBasketTypeEnum" },
      "bargainProduct": false,
      "addToCartMessage": "",
      "thumbnail": {
        "imageType": "PRIMARY",
        "format": "thumbnail",
        "url": "https://assets.axfood.se/image/upload/f_auto,t_100/05707196231205_C1L1_s02",
        "altText": null,
        "galleryIndex": null,
        "width": null
      },
      "outOfStock": false,
      "online": true,
      "displayVolume": "80g",
      "addToCartDisabled": false,
      "name": "Classic Salami Snacks",
      "code": "101287946_ST"
    },
    {
      "potentialPromotions": [
        {
          "threshold": null,
          "applied": false,
          "campaignType": "GENERAL",
          "lowestHistoricalPrice": {
            "currencyIso": "SEK",
            "value": 22.5,
            "priceType": "BUY",
            "formattedValue": "22,50 kr",
            "minQuantity": null,
            "maxQuantity": null
          },
          "promotionTheme": { "code": "Z062", "visible": null },
          "textLabelGenerated": "",
          "textLabelManual": null,
          "price": {
            "currencyIso": "SEK",
            "value": 19.9,
            "priceType": "BUY",
            "formattedValue": "19,90 kr",
            "minQuantity": null,
            "maxQuantity": null
          },
          "productCodes": [
            "101241373_ST",
            "101241416_ST",
            "101348550_ST",
            "101287946_ST",
            "101348515_ST",
            "101270135_ST",
            "101359620_ST"
          ],
          "promotionType": "MixMatchPricePromotion",
          "conditionLabel": "Spara 2,60 kr/st",
          "rewardLabel": "19,90/st",
          "textLabel": "",
          "redeemLimitLabel": "",
          "cartLabel": null,
          "validUntil": null,
          "timesUsed": null,
          "qualifyingCount": 1,
          "splashTitleText": "",
          "realMixAndMatch": false,
          "mainProductCode": "101241373_ST",
          "comparePrice": "248,75 kr",
          "promotionPercentage": null,
          "cartLabelFormatted": "",
          "conditionLabelFormatted": "",
          "promotionRedeemLimit": null,
          "priority": 408,
          "code": "2500156209"
        }
      ],
      "priceValue": 22.5,
      "price": "22,50 kr",
      "image": {
        "imageType": "PRIMARY",
        "format": "product",
        "url": "https://assets.axfood.se/image/upload/f_auto,t_200/05707196210033_C1L1_s01",
        "altText": null,
        "galleryIndex": null,
        "width": null
      },
      "ranking": 120.89599928354,
      "depositPrice": "",
      "averageWeight": null,
      "comparePrice": "281,25 kr",
      "comparePriceUnit": "kg",
      "isDrugProduct": false,
      "solrSearchScore": 1.0,
      "energyDeclaration": null,
      "newsSplashProduct": false,
      "notAllowedB2b": false,
      "notAllowedAnonymous": false,
      "productLine2": "GØL, 80g",
      "pickupProductLine2": "GØL, 80g",
      "priceUnit": "kr/st",
      "priceNoUnit": "22,50",
      "savingsAmount": 2.6,
      "googleAnalyticsCategory": "",
      "gdprTrackingIncompliant": false,
      "showGoodPriceIcon": false,
      "nicotineMedicalProduct": false,
      "tobaccoFreeNicotineProduct": false,
      "nonEkoProduct": false,
      "tobaccoProduct": false,
      "labels": [],
      "seoDescription": "",
      "seoTitle": "",
      "manufacturer": "Gøl",
      "incrementValue": 1.0,
      "productBasketType": { "code": "ST", "type": "ProductBasketTypeEnum" },
      "bargainProduct": false,
      "addToCartMessage": "",
      "thumbnail": {
        "imageType": "PRIMARY",
        "format": "thumbnail",
        "url": "https://assets.axfood.se/image/upload/f_auto,t_100/05707196210033_C1L1_s01",
        "altText": null,
        "galleryIndex": null,
        "width": null
      },
      "outOfStock": false,
      "online": true,
      "displayVolume": "80g",
      "addToCartDisabled": false,
      "name": "Garlic Salami Snacks",
      "code": "101270135_ST"
    },
    {
      "potentialPromotions": [
        {
          "threshold": null,
          "applied": false,
          "campaignType": "GENERAL",
          "lowestHistoricalPrice": {
            "currencyIso": "SEK",
            "value": 22.5,
            "priceType": "BUY",
            "formattedValue": "22,50 kr",
            "minQuantity": null,
            "maxQuantity": null
          },
          "promotionTheme": { "code": "Z062", "visible": null },
          "textLabelGenerated": "",
          "textLabelManual": null,
          "price": {
            "currencyIso": "SEK",
            "value": 19.9,
            "priceType": "BUY",
            "formattedValue": "19,90 kr",
            "minQuantity": null,
            "maxQuantity": null
          },
          "productCodes": [
            "101241373_ST",
            "101241416_ST",
            "101348550_ST",
            "101287946_ST",
            "101348515_ST",
            "101270135_ST",
            "101359620_ST"
          ],
          "promotionType": "MixMatchPricePromotion",
          "conditionLabel": "Spara 2,60 kr/st",
          "rewardLabel": "19,90/st",
          "textLabel": "",
          "redeemLimitLabel": "",
          "cartLabel": null,
          "validUntil": null,
          "timesUsed": null,
          "qualifyingCount": 1,
          "splashTitleText": "",
          "realMixAndMatch": false,
          "mainProductCode": "101241373_ST",
          "comparePrice": "221,11 kr",
          "promotionPercentage": null,
          "cartLabelFormatted": "",
          "conditionLabelFormatted": "",
          "promotionRedeemLimit": null,
          "priority": 408,
          "code": "2500156209"
        }
      ],
      "priceValue": 22.5,
      "price": "22,50 kr",
      "image": {
        "imageType": "PRIMARY",
        "format": "product",
        "url": "https://assets.axfood.se/image/upload/f_auto,t_200/05707196281286_C1N1_s02",
        "altText": null,
        "galleryIndex": null,
        "width": null
      },
      "ranking": 120.89599928354,
      "depositPrice": "",
      "averageWeight": null,
      "comparePrice": "250,00 kr",
      "comparePriceUnit": "kg",
      "isDrugProduct": false,
      "solrSearchScore": 1.0,
      "energyDeclaration": null,
      "newsSplashProduct": false,
      "notAllowedB2b": false,
      "notAllowedAnonymous": false,
      "productLine2": "GØL, 90g",
      "pickupProductLine2": "GØL, 90g",
      "priceUnit": "kr/st",
      "priceNoUnit": "22,50",
      "savingsAmount": 2.6,
      "googleAnalyticsCategory": "",
      "gdprTrackingIncompliant": false,
      "showGoodPriceIcon": false,
      "nicotineMedicalProduct": false,
      "tobaccoFreeNicotineProduct": false,
      "nonEkoProduct": false,
      "tobaccoProduct": false,
      "labels": [],
      "seoDescription": "",
      "seoTitle": "",
      "manufacturer": "Gøl",
      "incrementValue": 1.0,
      "productBasketType": { "code": "ST", "type": "ProductBasketTypeEnum" },
      "bargainProduct": false,
      "addToCartMessage": "",
      "thumbnail": {
        "imageType": "PRIMARY",
        "format": "thumbnail",
        "url": "https://assets.axfood.se/image/upload/f_auto,t_100/05707196281286_C1N1_s02",
        "altText": null,
        "galleryIndex": null,
        "width": null
      },
      "outOfStock": false,
      "online": true,
      "displayVolume": "90g",
      "addToCartDisabled": false,
      "name": "Classic Snack Strings",
      "code": "101348550_ST"
    },
    {
      "potentialPromotions": [
        {
          "threshold": null,
          "applied": false,
          "campaignType": "GENERAL",
          "lowestHistoricalPrice": {
            "currencyIso": "SEK",
            "value": 22.5,
            "priceType": "BUY",
            "formattedValue": "22,50 kr",
            "minQuantity": null,
            "maxQuantity": null
          },
          "promotionTheme": { "code": "Z062", "visible": null },
          "textLabelGenerated": "",
          "textLabelManual": null,
          "price": {
            "currencyIso": "SEK",
            "value": 19.9,
            "priceType": "BUY",
            "formattedValue": "19,90 kr",
            "minQuantity": null,
            "maxQuantity": null
          },
          "productCodes": [
            "101241373_ST",
            "101241416_ST",
            "101348550_ST",
            "101287946_ST",
            "101348515_ST",
            "101270135_ST",
            "101359620_ST"
          ],
          "promotionType": "MixMatchPricePromotion",
          "conditionLabel": "Spara 2,60 kr/st",
          "rewardLabel": "19,90/st",
          "textLabel": "",
          "redeemLimitLabel": "",
          "cartLabel": null,
          "validUntil": null,
          "timesUsed": null,
          "qualifyingCount": 1,
          "splashTitleText": "",
          "realMixAndMatch": false,
          "mainProductCode": "101241373_ST",
          "comparePrice": "221,11 kr",
          "promotionPercentage": null,
          "cartLabelFormatted": "",
          "conditionLabelFormatted": "",
          "promotionRedeemLimit": null,
          "priority": 408,
          "code": "2500156209"
        }
      ],
      "priceValue": 22.5,
      "price": "22,50 kr",
      "image": {
        "imageType": "PRIMARY",
        "format": "product",
        "url": "https://assets.axfood.se/image/upload/f_auto,t_200/05707196281316_C1N1_s02",
        "altText": null,
        "galleryIndex": null,
        "width": null
      },
      "ranking": 120.89599928354,
      "depositPrice": "",
      "averageWeight": null,
      "comparePrice": "250,00 kr",
      "comparePriceUnit": "kg",
      "isDrugProduct": false,
      "solrSearchScore": 1.0,
      "energyDeclaration": null,
      "newsSplashProduct": false,
      "notAllowedB2b": false,
      "notAllowedAnonymous": false,
      "productLine2": "GØL, 90g",
      "pickupProductLine2": "GØL, 90g",
      "priceUnit": "kr/st",
      "priceNoUnit": "22,50",
      "savingsAmount": 2.6,
      "googleAnalyticsCategory": "",
      "gdprTrackingIncompliant": false,
      "showGoodPriceIcon": false,
      "nicotineMedicalProduct": false,
      "tobaccoFreeNicotineProduct": false,
      "nonEkoProduct": false,
      "tobaccoProduct": false,
      "labels": [],
      "seoDescription": "",
      "seoTitle": "",
      "manufacturer": "Gøl",
      "incrementValue": 1.0,
      "productBasketType": { "code": "ST", "type": "ProductBasketTypeEnum" },
      "bargainProduct": false,
      "addToCartMessage": "",
      "thumbnail": {
        "imageType": "PRIMARY",
        "format": "thumbnail",
        "url": "https://assets.axfood.se/image/upload/f_auto,t_100/05707196281316_C1N1_s02",
        "altText": null,
        "galleryIndex": null,
        "width": null
      },
      "outOfStock": false,
      "online": true,
      "displayVolume": "90g",
      "addToCartDisabled": false,
      "name": "Beef Snack Strings",
      "code": "101348515_ST"
    },
    {
      "potentialPromotions": [
        {
          "threshold": null,
          "applied": false,
          "campaignType": "GENERAL",
          "lowestHistoricalPrice": {
            "currencyIso": "SEK",
            "value": 22.5,
            "priceType": "BUY",
            "formattedValue": "22,50 kr",
            "minQuantity": null,
            "maxQuantity": null
          },
          "promotionTheme": { "code": "Z062", "visible": null },
          "textLabelGenerated": "",
          "textLabelManual": null,
          "price": {
            "currencyIso": "SEK",
            "value": 19.9,
            "priceType": "BUY",
            "formattedValue": "19,90 kr",
            "minQuantity": null,
            "maxQuantity": null
          },
          "productCodes": [
            "101241373_ST",
            "101241416_ST",
            "101348550_ST",
            "101287946_ST",
            "101348515_ST",
            "101270135_ST",
            "101359620_ST"
          ],
          "promotionType": "MixMatchPricePromotion",
          "conditionLabel": "Spara 2,60 kr/st",
          "rewardLabel": "19,90/st",
          "textLabel": "",
          "redeemLimitLabel": "",
          "cartLabel": null,
          "validUntil": null,
          "timesUsed": null,
          "qualifyingCount": 1,
          "splashTitleText": "",
          "realMixAndMatch": false,
          "mainProductCode": "101241373_ST",
          "comparePrice": "284,29 kr",
          "promotionPercentage": null,
          "cartLabelFormatted": "",
          "conditionLabelFormatted": "",
          "promotionRedeemLimit": null,
          "priority": 408,
          "code": "2500156209"
        }
      ],
      "priceValue": 22.5,
      "price": "22,50 kr",
      "image": {
        "imageType": "PRIMARY",
        "format": "product",
        "url": "https://assets.axfood.se/image/upload/f_auto,t_200/05707196290011_C1N1_s01",
        "altText": null,
        "galleryIndex": null,
        "width": null
      },
      "ranking": 120.89599928354,
      "depositPrice": "",
      "averageWeight": null,
      "comparePrice": "321,43 kr",
      "comparePriceUnit": "kg",
      "isDrugProduct": false,
      "solrSearchScore": 1.0,
      "energyDeclaration": null,
      "newsSplashProduct": false,
      "notAllowedB2b": false,
      "notAllowedAnonymous": false,
      "productLine2": "GØL, 70g",
      "pickupProductLine2": "GØL, 70g",
      "priceUnit": "kr/st",
      "priceNoUnit": "22,50",
      "savingsAmount": 2.6,
      "googleAnalyticsCategory": "",
      "gdprTrackingIncompliant": false,
      "showGoodPriceIcon": false,
      "nicotineMedicalProduct": false,
      "tobaccoFreeNicotineProduct": false,
      "nonEkoProduct": false,
      "tobaccoProduct": false,
      "labels": [],
      "seoDescription": "",
      "seoTitle": "",
      "manufacturer": "Gøl",
      "incrementValue": 1.0,
      "productBasketType": { "code": "ST", "type": "ProductBasketTypeEnum" },
      "bargainProduct": false,
      "addToCartMessage": "",
      "thumbnail": {
        "imageType": "PRIMARY",
        "format": "thumbnail",
        "url": "https://assets.axfood.se/image/upload/f_auto,t_100/05707196290011_C1N1_s01",
        "altText": null,
        "galleryIndex": null,
        "width": null
      },
      "outOfStock": false,
      "online": true,
      "displayVolume": "70g",
      "addToCartDisabled": false,
      "name": "Parmesan Salami Snacks",
      "code": "101359620_ST"
    },
    {
      "potentialPromotions": [
        {
          "threshold": null,
          "applied": false,
          "campaignType": "GENERAL",
          "lowestHistoricalPrice": {
            "currencyIso": "SEK",
            "value": 74.9,
            "priceType": "BUY",
            "formattedValue": "74,90 kr",
            "minQuantity": null,
            "maxQuantity": null
          },
          "promotionTheme": { "code": "Z062", "visible": null },
          "textLabelGenerated": "",
          "textLabelManual": null,
          "price": {
            "currencyIso": "SEK",
            "value": 74.9,
            "priceType": "BUY",
            "formattedValue": "74,90 kr",
            "minQuantity": null,
            "maxQuantity": null
          },
          "productCodes": ["101187302_ST"],
          "promotionType": "MixMatchPricePromotion",
          "conditionLabel": "Spara 12,00 kr/st",
          "rewardLabel": "74,90/st",
          "textLabel": "",
          "redeemLimitLabel": "",
          "cartLabel": null,
          "validUntil": null,
          "timesUsed": null,
          "qualifyingCount": 1,
          "splashTitleText": "",
          "realMixAndMatch": false,
          "mainProductCode": "101187302_ST",
          "comparePrice": "83,22 kr",
          "promotionPercentage": null,
          "cartLabelFormatted": "",
          "conditionLabelFormatted": "",
          "promotionRedeemLimit": null,
          "priority": 408,
          "code": "2500156332"
        }
      ],
      "priceValue": 86.9,
      "price": "86,90 kr",
      "image": {
        "imageType": "PRIMARY",
        "format": "product",
        "url": "https://assets.axfood.se/image/upload/f_auto,t_200/07311041065617_C1N1_s01",
        "altText": null,
        "galleryIndex": null,
        "width": null
      },
      "ranking": 120.89599889426,
      "depositPrice": "",
      "averageWeight": null,
      "comparePrice": "96,55 kr",
      "comparePriceUnit": "kg",
      "isDrugProduct": false,
      "solrSearchScore": 1.0,
      "energyDeclaration": null,
      "newsSplashProduct": false,
      "notAllowedB2b": false,
      "notAllowedAnonymous": false,
      "productLine2": "GARANT, 900g",
      "pickupProductLine2": "GARANT, 900g",
      "priceUnit": "kr/st",
      "priceNoUnit": "86,90",
      "savingsAmount": 12.0,
      "googleAnalyticsCategory": "",
      "gdprTrackingIncompliant": false,
      "showGoodPriceIcon": false,
      "nicotineMedicalProduct": false,
      "tobaccoFreeNicotineProduct": false,
      "nonEkoProduct": false,
      "tobaccoProduct": false,
      "labels": ["swedish_flag", "meat_from_sweden"],
      "seoDescription": "",
      "seoTitle": "",
      "manufacturer": "Garant",
      "incrementValue": 1.0,
      "productBasketType": { "code": "ST", "type": "ProductBasketTypeEnum" },
      "bargainProduct": false,
      "addToCartMessage": "",
      "thumbnail": {
        "imageType": "PRIMARY",
        "format": "thumbnail",
        "url": "https://assets.axfood.se/image/upload/f_auto,t_100/07311041065617_C1N1_s01",
        "altText": null,
        "galleryIndex": null,
        "width": null
      },
      "outOfStock": false,
      "online": true,
      "displayVolume": "900g",
      "addToCartDisabled": false,
      "name": "Wienerkorv",
      "code": "101187302_ST"
    },
    {
      "potentialPromotions": [
        {
          "threshold": null,
          "applied": false,
          "campaignType": "GENERAL",
          "lowestHistoricalPrice": {
            "currencyIso": "SEK",
            "value": 47.9,
            "priceType": "BUY",
            "formattedValue": "47,90 kr",
            "minQuantity": null,
            "maxQuantity": null
          },
          "promotionTheme": { "code": "Z001", "visible": null },
          "textLabelGenerated": "",
          "textLabelManual": null,
          "price": {
            "currencyIso": "SEK",
            "value": 39.9,
            "priceType": "BUY",
            "formattedValue": "39,90 kr",
            "minQuantity": null,
            "maxQuantity": null
          },
          "productCodes": ["100248830_ST"],
          "promotionType": "MixMatchPricePromotion",
          "conditionLabel": "Spara 8,00 kr/st",
          "rewardLabel": "39,90/st",
          "textLabel": "",
          "redeemLimitLabel": "",
          "cartLabel": null,
          "validUntil": null,
          "timesUsed": null,
          "qualifyingCount": 1,
          "splashTitleText": "Kampanj",
          "realMixAndMatch": false,
          "mainProductCode": "100248830_ST",
          "comparePrice": "106,40 kr",
          "promotionPercentage": null,
          "cartLabelFormatted": "",
          "conditionLabelFormatted": "",
          "promotionRedeemLimit": null,
          "priority": 408,
          "code": "2500157002"
        }
      ],
      "priceValue": 47.9,
      "price": "47,90 kr",
      "image": {
        "imageType": "PRIMARY",
        "format": "product",
        "url": "https://assets.axfood.se/image/upload/f_auto,t_200/05701251501524_C1N1_s03",
        "altText": null,
        "galleryIndex": null,
        "width": null
      },
      "ranking": 120.89599381426,
      "depositPrice": "",
      "averageWeight": null,
      "comparePrice": "127,73 kr",
      "comparePriceUnit": "kg",
      "isDrugProduct": false,
      "solrSearchScore": 1.0,
      "energyDeclaration": null,
      "newsSplashProduct": false,
      "notAllowedB2b": false,
      "notAllowedAnonymous": false,
      "productLine2": "GØL, 375g",
      "pickupProductLine2": "GØL, 375g",
      "priceUnit": "kr/st",
      "priceNoUnit": "47,90",
      "savingsAmount": 8.0,
      "googleAnalyticsCategory": "",
      "gdprTrackingIncompliant": false,
      "showGoodPriceIcon": false,
      "nicotineMedicalProduct": false,
      "tobaccoFreeNicotineProduct": false,
      "nonEkoProduct": false,
      "tobaccoProduct": false,
      "labels": [],
      "seoDescription": "",
      "seoTitle": "",
      "manufacturer": "Gøl",
      "incrementValue": 1.0,
      "productBasketType": { "code": "ST", "type": "ProductBasketTypeEnum" },
      "bargainProduct": false,
      "addToCartMessage": "",
      "thumbnail": {
        "imageType": "PRIMARY",
        "format": "thumbnail",
        "url": "https://assets.axfood.se/image/upload/f_auto,t_100/05701251501524_C1N1_s03",
        "altText": null,
        "galleryIndex": null,
        "width": null
      },
      "outOfStock": false,
      "online": true,
      "displayVolume": "375g",
      "addToCartDisabled": false,
      "name": "Hot Dog Pölser Röda",
      "code": "100248830_ST"
    },
    {
      "potentialPromotions": [
        {
          "threshold": null,
          "applied": false,
          "campaignType": "GENERAL",
          "lowestHistoricalPrice": {
            "currencyIso": "SEK",
            "value": 49.9,
            "priceType": "BUY",
            "formattedValue": "49,90 kr",
            "minQuantity": null,
            "maxQuantity": null
          },
          "promotionTheme": { "code": "Z001", "visible": null },
          "textLabelGenerated": "",
          "textLabelManual": null,
          "price": {
            "currencyIso": "SEK",
            "value": 37.9,
            "priceType": "BUY",
            "formattedValue": "37,90 kr",
            "minQuantity": null,
            "maxQuantity": null
          },
          "productCodes": ["100857949_ST", "100308301_ST", "101278476_ST"],
          "promotionType": "MixMatchPricePromotion",
          "conditionLabel": "Spara 12,00 kr/st",
          "rewardLabel": "37,90/st",
          "textLabel": "",
          "redeemLimitLabel": "",
          "cartLabel": null,
          "validUntil": null,
          "timesUsed": null,
          "qualifyingCount": 1,
          "splashTitleText": "Kampanj",
          "realMixAndMatch": false,
          "mainProductCode": "100857949_ST",
          "comparePrice": "59,22 kr",
          "promotionPercentage": null,
          "cartLabelFormatted": "",
          "conditionLabelFormatted": "",
          "promotionRedeemLimit": null,
          "priority": 408,
          "code": "2500157003"
        }
      ],
      "priceValue": 49.9,
      "price": "49,90 kr",
      "image": {
        "imageType": "PRIMARY",
        "format": "product",
        "url": "https://assets.axfood.se/image/upload/f_auto,t_200/07300207071005_C1N1_s02",
        "altText": null,
        "galleryIndex": null,
        "width": null
      },
      "ranking": 120.8959937741,
      "depositPrice": "",
      "averageWeight": null,
      "comparePrice": "77,97 kr",
      "comparePriceUnit": "kg",
      "isDrugProduct": false,
      "solrSearchScore": 1.0,
      "energyDeclaration": null,
      "newsSplashProduct": false,
      "notAllowedB2b": false,
      "notAllowedAnonymous": false,
      "productLine2": "SCAN, 640g",
      "pickupProductLine2": "SCAN, 640g",
      "priceUnit": "kr/st",
      "priceNoUnit": "49,90",
      "savingsAmount": 12.0,
      "googleAnalyticsCategory": "",
      "gdprTrackingIncompliant": false,
      "showGoodPriceIcon": false,
      "nicotineMedicalProduct": false,
      "tobaccoFreeNicotineProduct": false,
      "nonEkoProduct": false,
      "tobaccoProduct": false,
      "labels": ["swedish_flag", "meat_from_sweden"],
      "seoDescription": "",
      "seoTitle": "",
      "manufacturer": "Scan",
      "incrementValue": 1.0,
      "productBasketType": { "code": "ST", "type": "ProductBasketTypeEnum" },
      "bargainProduct": false,
      "addToCartMessage": "",
      "thumbnail": {
        "imageType": "PRIMARY",
        "format": "thumbnail",
        "url": "https://assets.axfood.se/image/upload/f_auto,t_100/07300207071005_C1N1_s02",
        "altText": null,
        "galleryIndex": null,
        "width": null
      },
      "outOfStock": false,
      "online": true,
      "displayVolume": "640g",
      "addToCartDisabled": false,
      "name": "Grillkorv med Skinn",
      "code": "100308301_ST"
    },
    {
      "potentialPromotions": [
        {
          "threshold": null,
          "applied": false,
          "campaignType": "GENERAL",
          "lowestHistoricalPrice": {
            "currencyIso": "SEK",
            "value": 45.9,
            "priceType": "BUY",
            "formattedValue": "45,90 kr",
            "minQuantity": null,
            "maxQuantity": null
          },
          "promotionTheme": { "code": "Z001", "visible": null },
          "textLabelGenerated": "",
          "textLabelManual": null,
          "price": {
            "currencyIso": "SEK",
            "value": 37.9,
            "priceType": "BUY",
            "formattedValue": "37,90 kr",
            "minQuantity": null,
            "maxQuantity": null
          },
          "productCodes": ["100857949_ST", "100308301_ST", "101278476_ST"],
          "promotionType": "MixMatchPricePromotion",
          "conditionLabel": "Spara 8,00 kr/st",
          "rewardLabel": "37,90/st",
          "textLabel": "",
          "redeemLimitLabel": "",
          "cartLabel": null,
          "validUntil": null,
          "timesUsed": null,
          "qualifyingCount": 1,
          "splashTitleText": "Kampanj",
          "realMixAndMatch": false,
          "mainProductCode": "100857949_ST",
          "comparePrice": "78,96 kr",
          "promotionPercentage": null,
          "cartLabelFormatted": "",
          "conditionLabelFormatted": "",
          "promotionRedeemLimit": null,
          "priority": 408,
          "code": "2500157003"
        }
      ],
      "priceValue": 45.9,
      "price": "45,90 kr",
      "image": {
        "imageType": "PRIMARY",
        "format": "product",
        "url": "https://assets.axfood.se/image/upload/f_auto,t_200/07300201432000_C1N1_s02",
        "altText": null,
        "galleryIndex": null,
        "width": null
      },
      "ranking": 120.8959937741,
      "depositPrice": "",
      "averageWeight": null,
      "comparePrice": "95,62 kr",
      "comparePriceUnit": "kg",
      "isDrugProduct": false,
      "solrSearchScore": 1.0,
      "energyDeclaration": null,
      "newsSplashProduct": false,
      "notAllowedB2b": false,
      "notAllowedAnonymous": false,
      "productLine2": "SCAN, 480g",
      "pickupProductLine2": "SCAN, 480g",
      "priceUnit": "kr/st",
      "priceNoUnit": "45,90",
      "savingsAmount": 8.0,
      "googleAnalyticsCategory": "",
      "gdprTrackingIncompliant": false,
      "showGoodPriceIcon": false,
      "nicotineMedicalProduct": false,
      "tobaccoFreeNicotineProduct": false,
      "nonEkoProduct": false,
      "tobaccoProduct": false,
      "labels": [],
      "seoDescription": "",
      "seoTitle": "",
      "manufacturer": "Scan",
      "incrementValue": 1.0,
      "productBasketType": { "code": "ST", "type": "ProductBasketTypeEnum" },
      "bargainProduct": false,
      "addToCartMessage": "",
      "thumbnail": {
        "imageType": "PRIMARY",
        "format": "thumbnail",
        "url": "https://assets.axfood.se/image/upload/f_auto,t_100/07300201432000_C1N1_s02",
        "altText": null,
        "galleryIndex": null,
        "width": null
      },
      "outOfStock": false,
      "online": true,
      "displayVolume": "480g",
      "addToCartDisabled": false,
      "name": "Grillkorv Bacon & Ost",
      "code": "100857949_ST"
    },
    {
      "potentialPromotions": [
        {
          "threshold": null,
          "applied": false,
          "campaignType": "GENERAL",
          "lowestHistoricalPrice": {
            "currencyIso": "SEK",
            "value": 43.9,
            "priceType": "BUY",
            "formattedValue": "43,90 kr",
            "minQuantity": null,
            "maxQuantity": null
          },
          "promotionTheme": { "code": "Z001", "visible": null },
          "textLabelGenerated": "",
          "textLabelManual": null,
          "price": {
            "currencyIso": "SEK",
            "value": 37.9,
            "priceType": "BUY",
            "formattedValue": "37,90 kr",
            "minQuantity": null,
            "maxQuantity": null
          },
          "productCodes": ["100857949_ST", "100308301_ST", "101278476_ST"],
          "promotionType": "MixMatchPricePromotion",
          "conditionLabel": "Spara 6,00 kr/st",
          "rewardLabel": "37,90/st",
          "textLabel": "",
          "redeemLimitLabel": "",
          "cartLabel": null,
          "validUntil": null,
          "timesUsed": null,
          "qualifyingCount": 1,
          "splashTitleText": "Kampanj",
          "realMixAndMatch": false,
          "mainProductCode": "100857949_ST",
          "comparePrice": "94,75 kr",
          "promotionPercentage": null,
          "cartLabelFormatted": "",
          "conditionLabelFormatted": "",
          "promotionRedeemLimit": null,
          "priority": 408,
          "code": "2500157003"
        }
      ],
      "priceValue": 43.9,
      "price": "43,90 kr",
      "image": {
        "imageType": "PRIMARY",
        "format": "product",
        "url": "https://assets.axfood.se/image/upload/f_auto,t_200/07300201161009_C1N1_s02",
        "altText": null,
        "galleryIndex": null,
        "width": null
      },
      "ranking": 120.8959937741,
      "depositPrice": "",
      "averageWeight": null,
      "comparePrice": "109,75 kr",
      "comparePriceUnit": "kg",
      "isDrugProduct": false,
      "solrSearchScore": 1.0,
      "energyDeclaration": null,
      "newsSplashProduct": false,
      "notAllowedB2b": false,
      "notAllowedAnonymous": false,
      "productLine2": "SCAN, 400g",
      "pickupProductLine2": "SCAN, 400g",
      "priceUnit": "kr/st",
      "priceNoUnit": "43,90",
      "savingsAmount": 6.0,
      "googleAnalyticsCategory": "",
      "gdprTrackingIncompliant": false,
      "showGoodPriceIcon": false,
      "nicotineMedicalProduct": false,
      "tobaccoFreeNicotineProduct": false,
      "nonEkoProduct": false,
      "tobaccoProduct": false,
      "labels": ["swedish_flag", "meat_from_sweden"],
      "seoDescription": "",
      "seoTitle": "",
      "manufacturer": "Scan",
      "incrementValue": 1.0,
      "productBasketType": { "code": "ST", "type": "ProductBasketTypeEnum" },
      "bargainProduct": false,
      "addToCartMessage": "",
      "thumbnail": {
        "imageType": "PRIMARY",
        "format": "thumbnail",
        "url": "https://assets.axfood.se/image/upload/f_auto,t_100/07300201161009_C1N1_s02",
        "altText": null,
        "galleryIndex": null,
        "width": null
      },
      "outOfStock": false,
      "online": true,
      "displayVolume": "400g",
      "addToCartDisabled": false,
      "name": "Grillkorv Deli",
      "code": "101278476_ST"
    },
    {
      "potentialPromotions": [
        {
          "threshold": null,
          "applied": false,
          "campaignType": "GENERAL",
          "lowestHistoricalPrice": {
            "currencyIso": "SEK",
            "value": 37.9,
            "priceType": "BUY",
            "formattedValue": "37,90 kr",
            "minQuantity": null,
            "maxQuantity": null
          },
          "promotionTheme": { "code": "Z001", "visible": null },
          "textLabelGenerated": "",
          "textLabelManual": null,
          "price": {
            "currencyIso": "SEK",
            "value": 27.9,
            "priceType": "BUY",
            "formattedValue": "27,90 kr",
            "minQuantity": null,
            "maxQuantity": null
          },
          "productCodes": [
            "100585047_ST",
            "100585172_ST",
            "100585056_ST",
            "101278621_ST",
            "100585109_ST"
          ],
          "promotionType": "MixMatchPricePromotion",
          "conditionLabel": "Spara 10,00 kr/st",
          "rewardLabel": "27,90/st",
          "textLabel": "",
          "redeemLimitLabel": "",
          "cartLabel": null,
          "validUntil": null,
          "timesUsed": null,
          "qualifyingCount": 1,
          "splashTitleText": "Kampanj",
          "realMixAndMatch": false,
          "mainProductCode": "100585047_ST",
          "comparePrice": "139,50 kr",
          "promotionPercentage": null,
          "cartLabelFormatted": "",
          "conditionLabelFormatted": "",
          "promotionRedeemLimit": null,
          "priority": 408,
          "code": "2500157005"
        }
      ],
      "priceValue": 37.9,
      "price": "37,90 kr",
      "image": {
        "imageType": "PRIMARY",
        "format": "product",
        "url": "https://assets.axfood.se/image/upload/f_auto,t_200/07330797088954_C1N1_s01",
        "altText": null,
        "galleryIndex": null,
        "width": null
      },
      "ranking": 120.89599365714,
      "depositPrice": "",
      "averageWeight": null,
      "comparePrice": "189,50 kr",
      "comparePriceUnit": "kg",
      "isDrugProduct": false,
      "solrSearchScore": 1.0,
      "energyDeclaration": null,
      "newsSplashProduct": false,
      "notAllowedB2b": false,
      "notAllowedAnonymous": false,
      "productLine2": "PÄRSONS, 200g",
      "pickupProductLine2": "PÄRSONS, 200g",
      "priceUnit": "kr/st",
      "priceNoUnit": "37,90",
      "savingsAmount": 10.0,
      "googleAnalyticsCategory": "",
      "gdprTrackingIncompliant": false,
      "showGoodPriceIcon": false,
      "nicotineMedicalProduct": false,
      "tobaccoFreeNicotineProduct": false,
      "nonEkoProduct": false,
      "tobaccoProduct": false,
      "labels": ["keyhole"],
      "seoDescription": "",
      "seoTitle": "",
      "manufacturer": "Pärsons",
      "incrementValue": 1.0,
      "productBasketType": { "code": "ST", "type": "ProductBasketTypeEnum" },
      "bargainProduct": false,
      "addToCartMessage": "",
      "thumbnail": {
        "imageType": "PRIMARY",
        "format": "thumbnail",
        "url": "https://assets.axfood.se/image/upload/f_auto,t_100/07330797088954_C1N1_s01",
        "altText": null,
        "galleryIndex": null,
        "width": null
      },
      "outOfStock": false,
      "online": true,
      "displayVolume": "200g",
      "addToCartDisabled": false,
      "name": "Kalkon Rökt Tunna Skivor",
      "code": "100585172_ST"
    },
    {
      "potentialPromotions": [
        {
          "threshold": null,
          "applied": false,
          "campaignType": "GENERAL",
          "lowestHistoricalPrice": {
            "currencyIso": "SEK",
            "value": 31.9,
            "priceType": "BUY",
            "formattedValue": "31,90 kr",
            "minQuantity": null,
            "maxQuantity": null
          },
          "promotionTheme": { "code": "Z001", "visible": null },
          "textLabelGenerated": "",
          "textLabelManual": null,
          "price": {
            "currencyIso": "SEK",
            "value": 27.9,
            "priceType": "BUY",
            "formattedValue": "27,90 kr",
            "minQuantity": null,
            "maxQuantity": null
          },
          "productCodes": [
            "100585047_ST",
            "100585172_ST",
            "100585056_ST",
            "101278621_ST",
            "100585109_ST"
          ],
          "promotionType": "MixMatchPricePromotion",
          "conditionLabel": "Spara 4,00 kr/st",
          "rewardLabel": "27,90/st",
          "textLabel": "",
          "redeemLimitLabel": "",
          "cartLabel": null,
          "validUntil": null,
          "timesUsed": null,
          "qualifyingCount": 1,
          "splashTitleText": "Kampanj",
          "realMixAndMatch": false,
          "mainProductCode": "100585047_ST",
          "comparePrice": "139,50 kr",
          "promotionPercentage": null,
          "cartLabelFormatted": "",
          "conditionLabelFormatted": "",
          "promotionRedeemLimit": null,
          "priority": 408,
          "code": "2500157005"
        }
      ],
      "priceValue": 31.9,
      "price": "31,90 kr",
      "image": {
        "imageType": "PRIMARY",
        "format": "product",
        "url": "https://assets.axfood.se/image/upload/f_auto,t_200/07330797088794_C1N1_s01",
        "altText": null,
        "galleryIndex": null,
        "width": null
      },
      "ranking": 120.89599365714,
      "depositPrice": "",
      "averageWeight": null,
      "comparePrice": "159,50 kr",
      "comparePriceUnit": "kg",
      "isDrugProduct": false,
      "solrSearchScore": 1.0,
      "energyDeclaration": null,
      "newsSplashProduct": false,
      "notAllowedB2b": false,
      "notAllowedAnonymous": false,
      "productLine2": "PÄRSONS, 200g",
      "pickupProductLine2": "PÄRSONS, 200g",
      "priceUnit": "kr/st",
      "priceNoUnit": "31,90",
      "savingsAmount": 4.0,
      "googleAnalyticsCategory": "",
      "gdprTrackingIncompliant": false,
      "showGoodPriceIcon": false,
      "nicotineMedicalProduct": false,
      "tobaccoFreeNicotineProduct": false,
      "nonEkoProduct": false,
      "tobaccoProduct": false,
      "labels": ["swedish_flag", "meat_from_sweden", "keyhole"],
      "seoDescription": "",
      "seoTitle": "",
      "manufacturer": "Pärsons",
      "incrementValue": 1.0,
      "productBasketType": { "code": "ST", "type": "ProductBasketTypeEnum" },
      "bargainProduct": false,
      "addToCartMessage": "",
      "thumbnail": {
        "imageType": "PRIMARY",
        "format": "thumbnail",
        "url": "https://assets.axfood.se/image/upload/f_auto,t_100/07330797088794_C1N1_s01",
        "altText": null,
        "galleryIndex": null,
        "width": null
      },
      "outOfStock": false,
      "online": true,
      "displayVolume": "200g",
      "addToCartDisabled": false,
      "name": "Gourmetskinka Rökt Skivad",
      "code": "100585047_ST"
    }
  ],
  "sorts": [
    { "code": "topRated", "name": "Populärast", "selected": true },
    { "code": "name-asc", "name": "A – Ö", "selected": false },
    { "code": "name-desc", "name": "Ö – A", "selected": false },
    {
      "code": "price-asc",
      "name": "Pris (Billigast - Dyrast)",
      "selected": false
    },
    {
      "code": "price-desc",
      "name": "Pris (Dyrast - Billigast)",
      "selected": false
    },
    {
      "code": "compareprice-asc",
      "name": "Jämförpris (Billigast - Dyrast)",
      "selected": false
    },
    {
      "code": "compareprice-desc",
      "name": "Jämförpris (Dyrast - Billigast)",
      "selected": false
    }
  ],
  "pagination": {
    "pageSize": 30,
    "currentPage": 0,
    "sort": "topRated",
    "numberOfPages": 21,
    "totalNumberOfResults": 625,
    "allProductsInCategoriesCount": 625,
    "allProductsInSearchCount": 0
  },
  "relatedResults": null,
  "relatedResultsPagination": null,
  "currentQuery": null,
  "breadcrumbs": [],
  "facets": [
    {
      "code": "commercialName2",
      "name": "commercialName2",
      "priority": -400,
      "category": false,
      "multiSelect": true,
      "visible": true,
      "topValues": null,
      "values": [
        {
          "code": "782",
          "name": "782",
          "count": 2,
          "query": {
            "url": "kott-chark-och-fagel?q=%3AtopRated%3AcommercialName2%3A782",
            "query": {
              "value": ":topRated:commercialName2:782",
              "filterQueries": [],
              "searchQueryContext": null,
              "searchType": null
            }
          },
          "selected": false
        },
        {
          "code": "Affco",
          "name": "Affco",
          "count": 7,
          "query": {
            "url": "kott-chark-och-fagel?q=%3AtopRated%3AcommercialName2%3AAffco",
            "query": {
              "value": ":topRated:commercialName2:Affco",
              "filterQueries": [],
              "searchQueryContext": null,
              "searchType": null
            }
          },
          "selected": false
        },
        {
          "code": "Aladin",
          "name": "Aladin",
          "count": 9,
          "query": {
            "url": "kott-chark-och-fagel?q=%3AtopRated%3AcommercialName2%3AAladin",
            "query": {
              "value": ":topRated:commercialName2:Aladin",
              "filterQueries": [],
              "searchQueryContext": null,
              "searchType": null
            }
          },
          "selected": false
        },
        {
          "code": "Arboga",
          "name": "Arboga",
          "count": 2,
          "query": {
            "url": "kott-chark-och-fagel?q=%3AtopRated%3AcommercialName2%3AArboga",
            "query": {
              "value": ":topRated:commercialName2:Arboga",
              "filterQueries": [],
              "searchQueryContext": null,
              "searchType": null
            }
          },
          "selected": false
        },
        {
          "code": "Atria",
          "name": "Atria",
          "count": 3,
          "query": {
            "url": "kott-chark-och-fagel?q=%3AtopRated%3AcommercialName2%3AAtria",
            "query": {
              "value": ":topRated:commercialName2:Atria",
              "filterQueries": [],
              "searchQueryContext": null,
              "searchType": null
            }
          },
          "selected": false
        },
        {
          "code": "Bedford",
          "name": "Bedford",
          "count": 1,
          "query": {
            "url": "kott-chark-och-fagel?q=%3AtopRated%3AcommercialName2%3ABedford",
            "query": {
              "value": ":topRated:commercialName2:Bedford",
              "filterQueries": [],
              "searchQueryContext": null,
              "searchType": null
            }
          },
          "selected": false
        },
        {
          "code": "Black Label",
          "name": "Black Label",
          "count": 1,
          "query": {
            "url": "kott-chark-och-fagel?q=%3AtopRated%3AcommercialName2%3ABlack%2BLabel",
            "query": {
              "value": ":topRated:commercialName2:Black+Label",
              "filterQueries": [],
              "searchQueryContext": null,
              "searchType": null
            }
          },
          "selected": false
        },
        {
          "code": "Carnex",
          "name": "Carnex",
          "count": 2,
          "query": {
            "url": "kott-chark-och-fagel?q=%3AtopRated%3AcommercialName2%3ACarnex",
            "query": {
              "value": ":topRated:commercialName2:Carnex",
              "filterQueries": [],
              "searchQueryContext": null,
              "searchType": null
            }
          },
          "selected": false
        },
        {
          "code": "Charkdelikates",
          "name": "Charkdelikates",
          "count": 1,
          "query": {
            "url": "kott-chark-och-fagel?q=%3AtopRated%3AcommercialName2%3ACharkdelikates",
            "query": {
              "value": ":topRated:commercialName2:Charkdelikates",
              "filterQueries": [],
              "searchQueryContext": null,
              "searchType": null
            }
          },
          "selected": false
        },
        {
          "code": "Charkuterifabr",
          "name": "Charkuterifabr",
          "count": 3,
          "query": {
            "url": "kott-chark-och-fagel?q=%3AtopRated%3AcommercialName2%3ACharkuterifabr",
            "query": {
              "value": ":topRated:commercialName2:Charkuterifabr",
              "filterQueries": [],
              "searchQueryContext": null,
              "searchType": null
            }
          },
          "selected": false
        },
        {
          "code": "Corte Parma",
          "name": "Corte Parma",
          "count": 2,
          "query": {
            "url": "kott-chark-och-fagel?q=%3AtopRated%3AcommercialName2%3ACorte%2BParma",
            "query": {
              "value": ":topRated:commercialName2:Corte+Parma",
              "filterQueries": [],
              "searchQueryContext": null,
              "searchType": null
            }
          },
          "selected": false
        },
        {
          "code": "Csabai",
          "name": "Csabai",
          "count": 1,
          "query": {
            "url": "kott-chark-och-fagel?q=%3AtopRated%3AcommercialName2%3ACsabai",
            "query": {
              "value": ":topRated:commercialName2:Csabai",
              "filterQueries": [],
              "searchQueryContext": null,
              "searchType": null
            }
          },
          "selected": false
        },
        {
          "code": "Dalsjöfors",
          "name": "Dalsjöfors",
          "count": 4,
          "query": {
            "url": "kott-chark-och-fagel?q=%3AtopRated%3AcommercialName2%3ADalsj%25C3%25B6fors",
            "query": {
              "value": ":topRated:commercialName2:Dalsj%C3%B6fors",
              "filterQueries": [],
              "searchQueryContext": null,
              "searchType": null
            }
          },
          "selected": false
        },
        {
          "code": "Danish Crown",
          "name": "Danish Crown",
          "count": 3,
          "query": {
            "url": "kott-chark-och-fagel?q=%3AtopRated%3AcommercialName2%3ADanish%2BCrown",
            "query": {
              "value": ":topRated:commercialName2:Danish+Crown",
              "filterQueries": [],
              "searchQueryContext": null,
              "searchType": null
            }
          },
          "selected": false
        },
        {
          "code": "Eldorado",
          "name": "Eldorado",
          "count": 40,
          "query": {
            "url": "kott-chark-och-fagel?q=%3AtopRated%3AcommercialName2%3AEldorado",
            "query": {
              "value": ":topRated:commercialName2:Eldorado",
              "filterQueries": [],
              "searchQueryContext": null,
              "searchType": null
            }
          },
          "selected": false
        },
        {
          "code": "Ello Lammhult",
          "name": "Ello Lammhult",
          "count": 2,
          "query": {
            "url": "kott-chark-och-fagel?q=%3AtopRated%3AcommercialName2%3AEllo%2BLammhult",
            "query": {
              "value": ":topRated:commercialName2:Ello+Lammhult",
              "filterQueries": [],
              "searchQueryContext": null,
              "searchType": null
            }
          },
          "selected": false
        },
        {
          "code": "Elpozo",
          "name": "Elpozo",
          "count": 3,
          "query": {
            "url": "kott-chark-och-fagel?q=%3AtopRated%3AcommercialName2%3AElpozo",
            "query": {
              "value": ":topRated:commercialName2:Elpozo",
              "filterQueries": [],
              "searchQueryContext": null,
              "searchType": null
            }
          },
          "selected": false
        },
        {
          "code": "Familie Wein",
          "name": "Familie Wein",
          "count": 2,
          "query": {
            "url": "kott-chark-och-fagel?q=%3AtopRated%3AcommercialName2%3AFamilie%2BWein",
            "query": {
              "value": ":topRated:commercialName2:Familie+Wein",
              "filterQueries": [],
              "searchQueryContext": null,
              "searchType": null
            }
          },
          "selected": false
        },
        {
          "code": "Felix",
          "name": "Felix",
          "count": 2,
          "query": {
            "url": "kott-chark-och-fagel?q=%3AtopRated%3AcommercialName2%3AFelix",
            "query": {
              "value": ":topRated:commercialName2:Felix",
              "filterQueries": [],
              "searchQueryContext": null,
              "searchType": null
            }
          },
          "selected": false
        },
        {
          "code": "Fumagalli",
          "name": "Fumagalli",
          "count": 6,
          "query": {
            "url": "kott-chark-och-fagel?q=%3AtopRated%3AcommercialName2%3AFumagalli",
            "query": {
              "value": ":topRated:commercialName2:Fumagalli",
              "filterQueries": [],
              "searchQueryContext": null,
              "searchType": null
            }
          },
          "selected": false
        },
        {
          "code": "Fåddman",
          "name": "Fåddman",
          "count": 4,
          "query": {
            "url": "kott-chark-och-fagel?q=%3AtopRated%3AcommercialName2%3AF%25C3%25A5ddman",
            "query": {
              "value": ":topRated:commercialName2:F%C3%A5ddman",
              "filterQueries": [],
              "searchQueryContext": null,
              "searchType": null
            }
          },
          "selected": false
        },
        {
          "code": "Garant",
          "name": "Garant",
          "count": 146,
          "query": {
            "url": "kott-chark-och-fagel?q=%3AtopRated%3AcommercialName2%3AGarant",
            "query": {
              "value": ":topRated:commercialName2:Garant",
              "filterQueries": [],
              "searchQueryContext": null,
              "searchType": null
            }
          },
          "selected": false
        },
        {
          "code": "Garant Eko",
          "name": "Garant Eko",
          "count": 10,
          "query": {
            "url": "kott-chark-och-fagel?q=%3AtopRated%3AcommercialName2%3AGarant%2BEko",
            "query": {
              "value": ":topRated:commercialName2:Garant+Eko",
              "filterQueries": [],
              "searchQueryContext": null,
              "searchType": null
            }
          },
          "selected": false
        },
        {
          "code": "Geas",
          "name": "Geas",
          "count": 2,
          "query": {
            "url": "kott-chark-och-fagel?q=%3AtopRated%3AcommercialName2%3AGeas",
            "query": {
              "value": ":topRated:commercialName2:Geas",
              "filterQueries": [],
              "searchQueryContext": null,
              "searchType": null
            }
          },
          "selected": false
        },
        {
          "code": "Grilstad",
          "name": "Grilstad",
          "count": 3,
          "query": {
            "url": "kott-chark-och-fagel?q=%3AtopRated%3AcommercialName2%3AGrilstad",
            "query": {
              "value": ":topRated:commercialName2:Grilstad",
              "filterQueries": [],
              "searchQueryContext": null,
              "searchType": null
            }
          },
          "selected": false
        },
        {
          "code": "Gudruns",
          "name": "Gudruns",
          "count": 2,
          "query": {
            "url": "kott-chark-och-fagel?q=%3AtopRated%3AcommercialName2%3AGudruns",
            "query": {
              "value": ":topRated:commercialName2:Gudruns",
              "filterQueries": [],
              "searchQueryContext": null,
              "searchType": null
            }
          },
          "selected": false
        },
        {
          "code": "Guldfågeln",
          "name": "Guldfågeln",
          "count": 28,
          "query": {
            "url": "kott-chark-och-fagel?q=%3AtopRated%3AcommercialName2%3AGuldf%25C3%25A5geln",
            "query": {
              "value": ":topRated:commercialName2:Guldf%C3%A5geln",
              "filterQueries": [],
              "searchQueryContext": null,
              "searchType": null
            }
          },
          "selected": false
        },
        {
          "code": "Gustafs",
          "name": "Gustafs",
          "count": 1,
          "query": {
            "url": "kott-chark-och-fagel?q=%3AtopRated%3AcommercialName2%3AGustafs",
            "query": {
              "value": ":topRated:commercialName2:Gustafs",
              "filterQueries": [],
              "searchQueryContext": null,
              "searchType": null
            }
          },
          "selected": false
        },
        {
          "code": "Gustafskorv",
          "name": "Gustafskorv",
          "count": 1,
          "query": {
            "url": "kott-chark-och-fagel?q=%3AtopRated%3AcommercialName2%3AGustafskorv",
            "query": {
              "value": ":topRated:commercialName2:Gustafskorv",
              "filterQueries": [],
              "searchQueryContext": null,
              "searchType": null
            }
          },
          "selected": false
        },
        {
          "code": "Gustoland",
          "name": "Gustoland",
          "count": 2,
          "query": {
            "url": "kott-chark-och-fagel?q=%3AtopRated%3AcommercialName2%3AGustoland",
            "query": {
              "value": ":topRated:commercialName2:Gustoland",
              "filterQueries": [],
              "searchQueryContext": null,
              "searchType": null
            }
          },
          "selected": false
        },
        {
          "code": "Gøl",
          "name": "Gøl",
          "count": 19,
          "query": {
            "url": "kott-chark-och-fagel?q=%3AtopRated%3AcommercialName2%3AG%25C3%25B8l",
            "query": {
              "value": ":topRated:commercialName2:G%C3%B8l",
              "filterQueries": [],
              "searchQueryContext": null,
              "searchType": null
            }
          },
          "selected": false
        },
        {
          "code": "Happy Chef",
          "name": "Happy Chef",
          "count": 2,
          "query": {
            "url": "kott-chark-och-fagel?q=%3AtopRated%3AcommercialName2%3AHappy%2BChef",
            "query": {
              "value": ":topRated:commercialName2:Happy+Chef",
              "filterQueries": [],
              "searchQueryContext": null,
              "searchType": null
            }
          },
          "selected": false
        },
        {
          "code": "Helmut Walch",
          "name": "Helmut Walch",
          "count": 14,
          "query": {
            "url": "kott-chark-och-fagel?q=%3AtopRated%3AcommercialName2%3AHelmut%2BWalch",
            "query": {
              "value": ":topRated:commercialName2:Helmut+Walch",
              "filterQueries": [],
              "searchQueryContext": null,
              "searchType": null
            }
          },
          "selected": false
        },
        {
          "code": "Härryda Karlss",
          "name": "Härryda Karlss",
          "count": 13,
          "query": {
            "url": "kott-chark-och-fagel?q=%3AtopRated%3AcommercialName2%3AH%25C3%25A4rryda%2BKarlss",
            "query": {
              "value": ":topRated:commercialName2:H%C3%A4rryda+Karlss",
              "filterQueries": [],
              "searchQueryContext": null,
              "searchType": null
            }
          },
          "selected": false
        },
        {
          "code": "Ingelstakalkon",
          "name": "Ingelstakalkon",
          "count": 11,
          "query": {
            "url": "kott-chark-och-fagel?q=%3AtopRated%3AcommercialName2%3AIngelstakalkon",
            "query": {
              "value": ":topRated:commercialName2:Ingelstakalkon",
              "filterQueries": [],
              "searchQueryContext": null,
              "searchType": null
            }
          },
          "selected": false
        },
        {
          "code": "Jakobsdals",
          "name": "Jakobsdals",
          "count": 16,
          "query": {
            "url": "kott-chark-och-fagel?q=%3AtopRated%3AcommercialName2%3AJakobsdals",
            "query": {
              "value": ":topRated:commercialName2:Jakobsdals",
              "filterQueries": [],
              "searchQueryContext": null,
              "searchType": null
            }
          },
          "selected": false
        },
        {
          "code": "Jamones Arroyo",
          "name": "Jamones Arroyo",
          "count": 3,
          "query": {
            "url": "kott-chark-och-fagel?q=%3AtopRated%3AcommercialName2%3AJamones%2BArroyo",
            "query": {
              "value": ":topRated:commercialName2:Jamones+Arroyo",
              "filterQueries": [],
              "searchQueryContext": null,
              "searchType": null
            }
          },
          "selected": false
        },
        {
          "code": "Jojjen",
          "name": "Jojjen",
          "count": 2,
          "query": {
            "url": "kott-chark-och-fagel?q=%3AtopRated%3AcommercialName2%3AJojjen",
            "query": {
              "value": ":topRated:commercialName2:Jojjen",
              "filterQueries": [],
              "searchQueryContext": null,
              "searchType": null
            }
          },
          "selected": false
        },
        {
          "code": "Kitchen Joy",
          "name": "Kitchen Joy",
          "count": 3,
          "query": {
            "url": "kott-chark-och-fagel?q=%3AtopRated%3AcommercialName2%3AKitchen%2BJoy",
            "query": {
              "value": ":topRated:commercialName2:Kitchen+Joy",
              "filterQueries": [],
              "searchQueryContext": null,
              "searchType": null
            }
          },
          "selected": false
        },
        {
          "code": "Kotivara",
          "name": "Kotivara",
          "count": 4,
          "query": {
            "url": "kott-chark-och-fagel?q=%3AtopRated%3AcommercialName2%3AKotivara",
            "query": {
              "value": ":topRated:commercialName2:Kotivara",
              "filterQueries": [],
              "searchQueryContext": null,
              "searchType": null
            }
          },
          "selected": false
        },
        {
          "code": "Kronfågel",
          "name": "Kronfågel",
          "count": 21,
          "query": {
            "url": "kott-chark-och-fagel?q=%3AtopRated%3AcommercialName2%3AKronf%25C3%25A5gel",
            "query": {
              "value": ":topRated:commercialName2:Kronf%C3%A5gel",
              "filterQueries": [],
              "searchQueryContext": null,
              "searchType": null
            }
          },
          "selected": false
        },
        {
          "code": "La Belle De Fr",
          "name": "La Belle De Fr",
          "count": 1,
          "query": {
            "url": "kott-chark-och-fagel?q=%3AtopRated%3AcommercialName2%3ALa%2BBelle%2BDe%2BFr",
            "query": {
              "value": ":topRated:commercialName2:La+Belle+De+Fr",
              "filterQueries": [],
              "searchQueryContext": null,
              "searchType": null
            }
          },
          "selected": false
        },
        {
          "code": "Lammhults",
          "name": "Lammhults",
          "count": 2,
          "query": {
            "url": "kott-chark-och-fagel?q=%3AtopRated%3AcommercialName2%3ALammhults",
            "query": {
              "value": ":topRated:commercialName2:Lammhults",
              "filterQueries": [],
              "searchQueryContext": null,
              "searchType": null
            }
          },
          "selected": false
        },
        {
          "code": "Lindbergs",
          "name": "Lindbergs",
          "count": 1,
          "query": {
            "url": "kott-chark-och-fagel?q=%3AtopRated%3AcommercialName2%3ALindbergs",
            "query": {
              "value": ":topRated:commercialName2:Lindbergs",
              "filterQueries": [],
              "searchQueryContext": null,
              "searchType": null
            }
          },
          "selected": false
        },
        {
          "code": "Lindvalls",
          "name": "Lindvalls",
          "count": 3,
          "query": {
            "url": "kott-chark-och-fagel?q=%3AtopRated%3AcommercialName2%3ALindvalls",
            "query": {
              "value": ":topRated:commercialName2:Lindvalls",
              "filterQueries": [],
              "searchQueryContext": null,
              "searchType": null
            }
          },
          "selected": false
        },
        {
          "code": "Lithells",
          "name": "Lithells",
          "count": 4,
          "query": {
            "url": "kott-chark-och-fagel?q=%3AtopRated%3AcommercialName2%3ALithells",
            "query": {
              "value": ":topRated:commercialName2:Lithells",
              "filterQueries": [],
              "searchQueryContext": null,
              "searchType": null
            }
          },
          "selected": false
        },
        {
          "code": "Lönneberga",
          "name": "Lönneberga",
          "count": 1,
          "query": {
            "url": "kott-chark-och-fagel?q=%3AtopRated%3AcommercialName2%3AL%25C3%25B6nneberga",
            "query": {
              "value": ":topRated:commercialName2:L%C3%B6nneberga",
              "filterQueries": [],
              "searchQueryContext": null,
              "searchType": null
            }
          },
          "selected": false
        },
        {
          "code": "Moab",
          "name": "Moab",
          "count": 1,
          "query": {
            "url": "kott-chark-och-fagel?q=%3AtopRated%3AcommercialName2%3AMoab",
            "query": {
              "value": ":topRated:commercialName2:Moab",
              "filterQueries": [],
              "searchQueryContext": null,
              "searchType": null
            }
          },
          "selected": false
        },
        {
          "code": "Monte Castello",
          "name": "Monte Castello",
          "count": 2,
          "query": {
            "url": "kott-chark-och-fagel?q=%3AtopRated%3AcommercialName2%3AMonte%2BCastello",
            "query": {
              "value": ":topRated:commercialName2:Monte+Castello",
              "filterQueries": [],
              "searchQueryContext": null,
              "searchType": null
            }
          },
          "selected": false
        },
        {
          "code": "Mountain River",
          "name": "Mountain River",
          "count": 3,
          "query": {
            "url": "kott-chark-och-fagel?q=%3AtopRated%3AcommercialName2%3AMountain%2BRiver",
            "query": {
              "value": ":topRated:commercialName2:Mountain+River",
              "filterQueries": [],
              "searchQueryContext": null,
              "searchType": null
            }
          },
          "selected": false
        },
        {
          "code": "Munzert",
          "name": "Munzert",
          "count": 2,
          "query": {
            "url": "kott-chark-och-fagel?q=%3AtopRated%3AcommercialName2%3AMunzert",
            "query": {
              "value": ":topRated:commercialName2:Munzert",
              "filterQueries": [],
              "searchQueryContext": null,
              "searchType": null
            }
          },
          "selected": false
        },
        {
          "code": "Noel",
          "name": "Noel",
          "count": 5,
          "query": {
            "url": "kott-chark-och-fagel?q=%3AtopRated%3AcommercialName2%3ANoel",
            "query": {
              "value": ":topRated:commercialName2:Noel",
              "filterQueries": [],
              "searchQueryContext": null,
              "searchType": null
            }
          },
          "selected": false
        },
        {
          "code": "No Name",
          "name": "No Name",
          "count": 1,
          "query": {
            "url": "kott-chark-och-fagel?q=%3AtopRated%3AcommercialName2%3ANo%2BName",
            "query": {
              "value": ":topRated:commercialName2:No+Name",
              "filterQueries": [],
              "searchQueryContext": null,
              "searchType": null
            }
          },
          "selected": false
        },
        {
          "code": "Nonna Elide",
          "name": "Nonna Elide",
          "count": 3,
          "query": {
            "url": "kott-chark-och-fagel?q=%3AtopRated%3AcommercialName2%3ANonna%2BElide",
            "query": {
              "value": ":topRated:commercialName2:Nonna+Elide",
              "filterQueries": [],
              "searchQueryContext": null,
              "searchType": null
            }
          },
          "selected": false
        },
        {
          "code": "Normeat",
          "name": "Normeat",
          "count": 1,
          "query": {
            "url": "kott-chark-och-fagel?q=%3AtopRated%3AcommercialName2%3ANormeat",
            "query": {
              "value": ":topRated:commercialName2:Normeat",
              "filterQueries": [],
              "searchQueryContext": null,
              "searchType": null
            }
          },
          "selected": false
        },
        {
          "code": "Nybergs Deli",
          "name": "Nybergs Deli",
          "count": 4,
          "query": {
            "url": "kott-chark-och-fagel?q=%3AtopRated%3AcommercialName2%3ANybergs%2BDeli",
            "query": {
              "value": ":topRated:commercialName2:Nybergs+Deli",
              "filterQueries": [],
              "searchQueryContext": null,
              "searchType": null
            }
          },
          "selected": false
        },
        {
          "code": "Onsala",
          "name": "Onsala",
          "count": 1,
          "query": {
            "url": "kott-chark-och-fagel?q=%3AtopRated%3AcommercialName2%3AOnsala",
            "query": {
              "value": ":topRated:commercialName2:Onsala",
              "filterQueries": [],
              "searchQueryContext": null,
              "searchType": null
            }
          },
          "selected": false
        },
        {
          "code": "Palcarsa",
          "name": "Palcarsa",
          "count": 2,
          "query": {
            "url": "kott-chark-och-fagel?q=%3AtopRated%3AcommercialName2%3APalcarsa",
            "query": {
              "value": ":topRated:commercialName2:Palcarsa",
              "filterQueries": [],
              "searchQueryContext": null,
              "searchType": null
            }
          },
          "selected": false
        },
        {
          "code": "Pastejköket",
          "name": "Pastejköket",
          "count": 4,
          "query": {
            "url": "kott-chark-och-fagel?q=%3AtopRated%3AcommercialName2%3APastejk%25C3%25B6ket",
            "query": {
              "value": ":topRated:commercialName2:Pastejk%C3%B6ket",
              "filterQueries": [],
              "searchQueryContext": null,
              "searchType": null
            }
          },
          "selected": false
        },
        {
          "code": "Pepi",
          "name": "Pepi",
          "count": 1,
          "query": {
            "url": "kott-chark-och-fagel?q=%3AtopRated%3AcommercialName2%3APepi",
            "query": {
              "value": ":topRated:commercialName2:Pepi",
              "filterQueries": [],
              "searchQueryContext": null,
              "searchType": null
            }
          },
          "selected": false
        },
        {
          "code": "Pick",
          "name": "Pick",
          "count": 1,
          "query": {
            "url": "kott-chark-och-fagel?q=%3AtopRated%3AcommercialName2%3APick",
            "query": {
              "value": ":topRated:commercialName2:Pick",
              "filterQueries": [],
              "searchQueryContext": null,
              "searchType": null
            }
          },
          "selected": false
        },
        {
          "code": "Poli",
          "name": "Poli",
          "count": 1,
          "query": {
            "url": "kott-chark-och-fagel?q=%3AtopRated%3AcommercialName2%3APoli",
            "query": {
              "value": ":topRated:commercialName2:Poli",
              "filterQueries": [],
              "searchQueryContext": null,
              "searchType": null
            }
          },
          "selected": false
        },
        {
          "code": "Prime",
          "name": "Prime",
          "count": 9,
          "query": {
            "url": "kott-chark-och-fagel?q=%3AtopRated%3AcommercialName2%3APrime",
            "query": {
              "value": ":topRated:commercialName2:Prime",
              "filterQueries": [],
              "searchQueryContext": null,
              "searchType": null
            }
          },
          "selected": false
        },
        {
          "code": "Prime Patrol",
          "name": "Prime Patrol",
          "count": 28,
          "query": {
            "url": "kott-chark-och-fagel?q=%3AtopRated%3AcommercialName2%3APrime%2BPatrol",
            "query": {
              "value": ":topRated:commercialName2:Prime+Patrol",
              "filterQueries": [],
              "searchQueryContext": null,
              "searchType": null
            }
          },
          "selected": false
        },
        {
          "code": "Pärsons",
          "name": "Pärsons",
          "count": 16,
          "query": {
            "url": "kott-chark-och-fagel?q=%3AtopRated%3AcommercialName2%3AP%25C3%25A4rsons",
            "query": {
              "value": ":topRated:commercialName2:P%C3%A4rsons",
              "filterQueries": [],
              "searchQueryContext": null,
              "searchType": null
            }
          },
          "selected": false
        },
        {
          "code": "Qibbla Halal",
          "name": "Qibbla Halal",
          "count": 4,
          "query": {
            "url": "kott-chark-och-fagel?q=%3AtopRated%3AcommercialName2%3AQibbla%2BHalal",
            "query": {
              "value": ":topRated:commercialName2:Qibbla+Halal",
              "filterQueries": [],
              "searchQueryContext": null,
              "searchType": null
            }
          },
          "selected": false
        },
        {
          "code": "Reinert",
          "name": "Reinert",
          "count": 1,
          "query": {
            "url": "kott-chark-och-fagel?q=%3AtopRated%3AcommercialName2%3AReinert",
            "query": {
              "value": ":topRated:commercialName2:Reinert",
              "filterQueries": [],
              "searchQueryContext": null,
              "searchType": null
            }
          },
          "selected": false
        },
        {
          "code": "Ridderheims",
          "name": "Ridderheims",
          "count": 10,
          "query": {
            "url": "kott-chark-och-fagel?q=%3AtopRated%3AcommercialName2%3ARidderheims",
            "query": {
              "value": ":topRated:commercialName2:Ridderheims",
              "filterQueries": [],
              "searchQueryContext": null,
              "searchType": null
            }
          },
          "selected": false
        },
        {
          "code": "Sanpareil",
          "name": "Sanpareil",
          "count": 2,
          "query": {
            "url": "kott-chark-och-fagel?q=%3AtopRated%3AcommercialName2%3ASanpareil",
            "query": {
              "value": ":topRated:commercialName2:Sanpareil",
              "filterQueries": [],
              "searchQueryContext": null,
              "searchType": null
            }
          },
          "selected": false
        },
        {
          "code": "Scan",
          "name": "Scan",
          "count": 45,
          "query": {
            "url": "kott-chark-och-fagel?q=%3AtopRated%3AcommercialName2%3AScan",
            "query": {
              "value": ":topRated:commercialName2:Scan",
              "filterQueries": [],
              "searchQueryContext": null,
              "searchType": null
            }
          },
          "selected": false
        },
        {
          "code": "Sibylla",
          "name": "Sibylla",
          "count": 1,
          "query": {
            "url": "kott-chark-och-fagel?q=%3AtopRated%3AcommercialName2%3ASibylla",
            "query": {
              "value": ":topRated:commercialName2:Sibylla",
              "filterQueries": [],
              "searchQueryContext": null,
              "searchType": null
            }
          },
          "selected": false
        },
        {
          "code": "Signal & Ander",
          "name": "Signal & Ander",
          "count": 4,
          "query": {
            "url": "kott-chark-och-fagel?q=%3AtopRated%3AcommercialName2%3ASignal%2B%2526%2BAnder",
            "query": {
              "value": ":topRated:commercialName2:Signal+%26+Ander",
              "filterQueries": [],
              "searchQueryContext": null,
              "searchType": null
            }
          },
          "selected": false
        },
        {
          "code": "Smak Av Gotlan",
          "name": "Smak Av Gotlan",
          "count": 3,
          "query": {
            "url": "kott-chark-och-fagel?q=%3AtopRated%3AcommercialName2%3ASmak%2BAv%2BGotlan",
            "query": {
              "value": ":topRated:commercialName2:Smak+Av+Gotlan",
              "filterQueries": [],
              "searchQueryContext": null,
              "searchType": null
            }
          },
          "selected": false
        },
        {
          "code": "Solbacka",
          "name": "Solbacka",
          "count": 4,
          "query": {
            "url": "kott-chark-och-fagel?q=%3AtopRated%3AcommercialName2%3ASolbacka",
            "query": {
              "value": ":topRated:commercialName2:Solbacka",
              "filterQueries": [],
              "searchQueryContext": null,
              "searchType": null
            }
          },
          "selected": false
        },
        {
          "code": "Stensåkra",
          "name": "Stensåkra",
          "count": 16,
          "query": {
            "url": "kott-chark-och-fagel?q=%3AtopRated%3AcommercialName2%3AStens%25C3%25A5kra",
            "query": {
              "value": ":topRated:commercialName2:Stens%C3%A5kra",
              "filterQueries": [],
              "searchQueryContext": null,
              "searchType": null
            }
          },
          "selected": false
        },
        {
          "code": "Svea",
          "name": "Svea",
          "count": 3,
          "query": {
            "url": "kott-chark-och-fagel?q=%3AtopRated%3AcommercialName2%3ASvea",
            "query": {
              "value": ":topRated:commercialName2:Svea",
              "filterQueries": [],
              "searchQueryContext": null,
              "searchType": null
            }
          },
          "selected": false
        },
        {
          "code": "Terre Ducali",
          "name": "Terre Ducali",
          "count": 8,
          "query": {
            "url": "kott-chark-och-fagel?q=%3AtopRated%3AcommercialName2%3ATerre%2BDucali",
            "query": {
              "value": ":topRated:commercialName2:Terre+Ducali",
              "filterQueries": [],
              "searchQueryContext": null,
              "searchType": null
            }
          },
          "selected": false
        },
        {
          "code": "Tulip",
          "name": "Tulip",
          "count": 10,
          "query": {
            "url": "kott-chark-och-fagel?q=%3AtopRated%3AcommercialName2%3ATulip",
            "query": {
              "value": ":topRated:commercialName2:Tulip",
              "filterQueries": [],
              "searchQueryContext": null,
              "searchType": null
            }
          },
          "selected": false
        },
        {
          "code": "Wild Man",
          "name": "Wild Man",
          "count": 1,
          "query": {
            "url": "kott-chark-och-fagel?q=%3AtopRated%3AcommercialName2%3AWild%2BMan",
            "query": {
              "value": ":topRated:commercialName2:Wild+Man",
              "filterQueries": [],
              "searchQueryContext": null,
              "searchType": null
            }
          },
          "selected": false
        },
        {
          "code": "Willmas",
          "name": "Willmas",
          "count": 1,
          "query": {
            "url": "kott-chark-och-fagel?q=%3AtopRated%3AcommercialName2%3AWillmas",
            "query": {
              "value": ":topRated:commercialName2:Willmas",
              "filterQueries": [],
              "searchQueryContext": null,
              "searchType": null
            }
          },
          "selected": false
        },
        {
          "code": "Vion",
          "name": "Vion",
          "count": 2,
          "query": {
            "url": "kott-chark-och-fagel?q=%3AtopRated%3AcommercialName2%3AVion",
            "query": {
              "value": ":topRated:commercialName2:Vion",
              "filterQueries": [],
              "searchQueryContext": null,
              "searchType": null
            }
          },
          "selected": false
        },
        {
          "code": "Våg",
          "name": "Våg",
          "count": 1,
          "query": {
            "url": "kott-chark-och-fagel?q=%3AtopRated%3AcommercialName2%3AV%25C3%25A5g",
            "query": {
              "value": ":topRated:commercialName2:V%C3%A5g",
              "filterQueries": [],
              "searchQueryContext": null,
              "searchType": null
            }
          },
          "selected": false
        },
        {
          "code": "Öresundschark",
          "name": "Öresundschark",
          "count": 1,
          "query": {
            "url": "kott-chark-och-fagel?q=%3AtopRated%3AcommercialName2%3A%25C3%2596resundschark",
            "query": {
              "value": ":topRated:commercialName2:%C3%96resundschark",
              "filterQueries": [],
              "searchQueryContext": null,
              "searchType": null
            }
          },
          "selected": false
        }
      ]
    },
    {
      "code": "productLabelTypes",
      "name": "productLabelTypes",
      "priority": -1000,
      "category": false,
      "multiSelect": false,
      "visible": true,
      "topValues": null,
      "values": [
        {
          "code": "ECOLOGICAL",
          "name": "Ekologisk",
          "count": 15,
          "query": {
            "url": "kott-chark-och-fagel?q=%3AtopRated%3AproductLabelTypes%3AECOLOGICAL",
            "query": {
              "value": ":topRated:productLabelTypes:ECOLOGICAL",
              "filterQueries": [],
              "searchQueryContext": null,
              "searchType": null
            }
          },
          "selected": false
        },
        {
          "code": "GLUTENFREE",
          "name": "Glutenfri",
          "count": 52,
          "query": {
            "url": "kott-chark-och-fagel?q=%3AtopRated%3AproductLabelTypes%3AGLUTENFREE",
            "query": {
              "value": ":topRated:productLabelTypes:GLUTENFREE",
              "filterQueries": [],
              "searchQueryContext": null,
              "searchType": null
            }
          },
          "selected": false
        },
        {
          "code": "LAKTOSFREE",
          "name": "Laktosfri",
          "count": 41,
          "query": {
            "url": "kott-chark-och-fagel?q=%3AtopRated%3AproductLabelTypes%3ALAKTOSFREE",
            "query": {
              "value": ":topRated:productLabelTypes:LAKTOSFREE",
              "filterQueries": [],
              "searchQueryContext": null,
              "searchType": null
            }
          },
          "selected": false
        },
        {
          "code": "KEYHOLE",
          "name": "Nyckelhålet",
          "count": 97,
          "query": {
            "url": "kott-chark-och-fagel?q=%3AtopRated%3AproductLabelTypes%3AKEYHOLE",
            "query": {
              "value": ":topRated:productLabelTypes:KEYHOLE",
              "filterQueries": [],
              "searchQueryContext": null,
              "searchType": null
            }
          },
          "selected": false
        },
        {
          "code": "SWEDISH_FLAG",
          "name": "Svenskt",
          "count": 319,
          "query": {
            "url": "kott-chark-och-fagel?q=%3AtopRated%3AproductLabelTypes%3ASWEDISH_FLAG",
            "query": {
              "value": ":topRated:productLabelTypes:SWEDISH_FLAG",
              "filterQueries": [],
              "searchQueryContext": null,
              "searchType": null
            }
          },
          "selected": false
        }
      ]
    }
  ],
  "freeTextSearch": "",
  "categoryCode": null,
  "keywordRedirectUrl": null,
  "spellingSuggestion": null,
  "categoryName": null,
  "customSuggestion": null,
  "categoryBreadcrumbs": {
    "url": "kott-chark-och-fagel",
    "name": "Kött, chark & fågel",
    "linkClass": null,
    "categoryCode": "N01"
  },
  "navigationCategories": null,
  "usedQuery": null,
  "subCategories": [
    {
      "code": "N0101",
      "name": "Fågel",
      "url": "kott-chark-och-fagel/fagel",
      "description": null,
      "image": null,
      "parentCategoryName": "Kött, chark & fågel",
      "sequence": 0,
      "seoTitle": null,
      "seoDescription": null
    },
    {
      "code": "N0102",
      "name": "Kött",
      "url": "kott-chark-och-fagel/kott",
      "description": null,
      "image": null,
      "parentCategoryName": "Kött, chark & fågel",
      "sequence": 0,
      "seoTitle": null,
      "seoDescription": null
    },
    {
      "code": "N0103",
      "name": "Korv",
      "url": "kott-chark-och-fagel/korv",
      "description": null,
      "image": null,
      "parentCategoryName": "Kött, chark & fågel",
      "sequence": 0,
      "seoTitle": null,
      "seoDescription": null
    },
    {
      "code": "N0105",
      "name": "Chark",
      "url": "kott-chark-och-fagel/chark",
      "description": null,
      "image": null,
      "parentCategoryName": "Kött, chark & fågel",
      "sequence": 0,
      "seoTitle": null,
      "seoDescription": null
    },
    {
      "code": "N0106",
      "name": "Pålägg",
      "url": "kott-chark-och-fagel/palagg",
      "description": null,
      "image": null,
      "parentCategoryName": "Kött, chark & fågel",
      "sequence": 0,
      "seoTitle": null,
      "seoDescription": null
    },
    {
      "code": "N0107",
      "name": "Delikatesschark",
      "url": "kott-chark-och-fagel/delikatesschark",
      "description": null,
      "image": null,
      "parentCategoryName": "Kött, chark & fågel",
      "sequence": 0,
      "seoTitle": null,
      "seoDescription": null
    }
  ],
  "categoryInfo": {
    "code": "N01",
    "name": "Kött, chark & fågel",
    "url": "kott-chark-och-fagel",
    "description": null,
    "image": null,
    "parentCategoryName": null,
    "sequence": 0,
    "seoTitle": null,
    "seoDescription": null
  },
  "superCategories": [
    {
      "code": "N00",
      "name": "Alla varor",
      "url": "/alla-varor/c/",
      "description": null,
      "image": null,
      "parentCategoryName": null,
      "sequence": 0,
      "seoTitle": null,
      "seoDescription": null
    }
  ],
  "restrictedProductTypes": ""
}
